3434 5659
760 842 968 900 ..19-

343 1025 372 1066 v.
395 1008 424 1066 3.

242 1112 388 1177 Persius:
445 1112 527 1191 „Vel
551 1113 613 1179 duo
639 1113 689 1176 vol
713 1114 834 1177 nemo.“

241 1220 319 1286 lut:
446 1221 574 1307 „Turpe
596 1229 630 1288 et
653 1220 872 1286 miserabilel“

240 1326 389 1394 Persius:
447 1328 618 1409 ‚,Quare?“

324 1460 387 1537 Qui
418 1464 471 1527 hic
502 1466 546 1529 sit
577 1464 700 1548 dialogi
731 1462 807 1528 ordo
838 1485 876 1527 ac
904 1463 1020 1541 series,
1059 1463 1202 1530 breviter
1233 1470 1481 1548 perscrutemur.

241 1571 449 1655 Simulatque
483 1572 612 1637 Persius
642 1573 745 1656 primo
780 1593 891 1649 versu,
935 1571 1013 1653 quid
1043 1574 1155 1636 satiris
1190 1578 1396 1638 tractaturus
1428 1573 1482 1637 sit.

241 1701 339 1763 quam
363 1679 552 1745 brevissime
575 1681 751 1760 iudicavit,
773 1681 921 1765 procedit
944 1680 1107 1763 extemplo
1130 1680 1250 1762 aliquis
1272 1702 1312 1744 ex
1335 1680 1484 1745 adversa·

240 1790 289 1853 rio
311 1789 408 1874 volgo
432 1789 576 1875 maligue
598 1811 729 1875 rogans:
756 1788 857 1869 ⁷,Qum
881 1789 1039 1855 eiusmodi
1055 1790 1189 1872 scripta,
1212 1788 1323 1872 qualia
1345 1794 1384 1854 tu
1406 1810 1482 1872 pau-

239 1898 302 1981 gia
324 1897 453 1983 leget?“
495 1898 579 1962 Bene
601 1898 706 1983 igitur
726 1899 854 1962 faciunt
877 1898 926 1961 illi
950 1899 1156 1981 interpretes,
1179 1897 1235 1980 qui
1259 1897 1483 1962 adversarium

238 2006 325 2069 hunc
353 2007 483 2071 nomine
512 2007 681 2071 monitoris
712 2006 891 2089 appellant.
942 2006 1095 2069 Amicum
1118 2027 1193 2073 vero
1216 2005 1325 2083 Persi,
1354 2016 1391 2070 ut
1414 2006 1482 2086 alii,

203 2152 205 2159 ·
239 2135 298 2179 seu
320 2136 482 2180 morosum
505 2121 539 2178 et
561 2113 733 2178 ridiculum
756 2135 880 2191 senem,
903 2114 1172 2197 quemadmodum
1195 2114 1411 2179 Achaiutrius
1434 2112 1480 2198 (p.

239 2224 284 2305 9.)
307 2224 398 2304 vult,
428 2224 520 2288 illum
547 2224 653 2288 vocari
684 2243 779 2306 posse
801 2223 931 2287 omnino
962 2243 1060 2307 nego,
1089 2242 1194 2305 neque
1224 2222 1333 2297 video.
1364 2223 1484 2306 quibus

239 2333 350 2396 causis
379 2334 441 2395 nisi
472 2332 556 2397 hanc
587 2332 787 2396 sententiam
809 2331 999 2396 confirmare
1022 2331 1144 2408 velint,
1173 2330 1228 2394 sed
1258 2330 1311 2394 hic
1342 2332 1484 2396 conside·

237 2440 344 2505 randa
366 2446 453 2519 suut,
477 2461 560 2523 qnae
584 2462 682 2523 supra
704 2441 739 2503 in
761 2441 949 2504 universum
972 2440 1011 2504 de
1026 2439 1260 2504 interlocutore
1275 2440 1352 2504 dixi.
1380 2439 1484 2505 Poeta

241 2556 368 2627 autem,
392 2555 429 2614 ut
450 2570 598 2634 pergam,
622 2550 814 2631 quaestione
836 2548 892 2611 illo
919 2547 999 2611 nihil
1022 2568 1209 2631 oppressae,
1232 2568 1304 2611 cum
1327 2546 1482 2611 iudicium

240 2678 381 2741 nequam
404 2657 494 2744 volgi
517 2657 726 2740 iampridem
750 2658 873 2741 optime
900 2658 1045 2721 noverit.
1074 2656 1260 2740 respondet:
1294 2656 1381 2736 „Hoc
1405 2658 1483 2721 mihi

242 2765 349 2831 dicere
364 2789 426 2830 non
440 2766 597 2844 debebas;
622 2789 695 2830 nam
708 2766 787 2831 nihil
813 2768 935 2831 certius
957 2767 1033 2842 scio,
1057 2787 1153 2848 quam
1176 2765 1335 2828 neminem
1359 2766 1483 2849 scripta

240 2894 315 2938 mea
327 2895 397 2939 esse
406 2874 596 2939 lectunim.“
608 2873 729 2958 Stupet
740 2874 781 2938 ob
794 2875 875 2938 haec
885 2874 1100 2939 interlocutos·
1111 2894 1215 2956 neque
1227 2874 1334 2937 auimo
1344 2893 1483 2956 compre-

240 2981 381 3046 hendere
394 2990 513 3066 potest,
536 2984 694 3066 quomodo
706 2983 875 3047 cuilibeat
887 2982 1038 3061 scribere,
1061 3003 1156 3065 quem
1179 2981 1261 3045 nihil
1272 2983 1404 3062 referat,
1426 2983 1483 3064 qui

240 3089 382 3175 legatur.
406 3090 614 3176 Quapropter
632 3092 738 3154 minus
750 3091 857 3155 audax
869 3092 1004 3174 repetit:
1029 3088 1173 3170 „Nemo?
1196 3089 1330 3153 Nihilne
1352 3111 1484 3173 prorsus

239 3207 300 3264 tua
322 3201 479 3279 interest,
507 3201 590 3266 alios
612 3202 735 3284 scripte
757 3207 817 3264 tua
839 3222 902 3264 nou
925 3198 1049 3283 legere,
1079 3200 1203 3281 hocque
1234 3198 1363 3262 omnino
1394 3218 1483 3281 prae·

240 3307 440 3372 termittis?“
487 3309 539 3372 Ad
562 3329 646 3392 quae
669 3315 767 3391 poeta
789 3309 939 3392 gravius:
964 3306 1047 3387 „Vel
1069 3307 1131 3372 duo
1155 3307 1205 3369 vel
1228 3308 1353 3385 nemo“.
1375 3307 1408 3370 id
1431 3320 1482 3372 est

243 3416 331 3495 „siut
352 3415 437 3497 duo,
460 3418 504 3481 sit
526 3438 637 3485 nemo.
660 3418 714 3500 qui
737 3416 846 3501 legat,
873 3416 959 3480 idem
983 3415 1063 3481 estl“
1087 3416 1178 3480 Haec
1201 3417 1286 3478 enim
1309 3415 1409 3479 verba
1431 3436 1483 3479 ex-

240 3525 387 3608 primunt
408 3525 495 3590 idem
516 3533 617 3610 atque
639 3525 829 3596 familiares
842 3523 978 3590 Graecis
1000 3524 1173 3589 dictiones:
1206 3521 1243 3608 „d
1265 3520 1362 3603 ὀλίγοι
1385 3518 1405 3608 ἢ
1429 3522 1481 3586 od·

239 3630 321 3706 δεῑς“
346 3640 380 3698 et
404 3629 442 3719 „ll
464 3656 511 3708 τις
533 3631 551 3719 ἢ
575 3631 713 3714 odaeum,
737 3634 865 3718 quoties
888 3654 1048 3696 summam
1069 3634 1241 3698 raritatem
1263 3631 1406 3697 indicare
1428 3654 1482 3697 vc·

238 3740 314 3806 lunt
336 3740 392 3823 (cf.
416 3741 555 3807 Casaub.
579 3765 608 3826 p.
634 3749 692 3822 36.¹
717 3740 863 3807 Passcw.¹
885 3766 914 3826 p.
938 3740 1033 3823 242).
1064 3741 1217 3821 Monitor,
1239 3761 1312 3804 cum
1334 3739 1481 3806 Persium

238 3849 273 3912 in
302 3849 364 3913 hac
392 3852 483 3916 tristi
513 3851 698 3917 conditione
727 3851 813 3916 bono
836 3859 947 3916 tamen
978 3851 1086 3915 animo
1117 3870 1187 3913 esse
1218 3849 1344 3929 videat,
1372 3849 1480 3914 facere

237 3978 304 4022 non
327 3964 452 4040 potest,
475 3961 554 4042 quin
577 3960 665 4024 elata
688 3981 766 4025 voce
789 3959 964 4024 exclamet:
999 3958 1105 4040 ‚,Heu,
1128 3978 1226 4041 quam
1246 3963 1343 4041 turpe
1364 3978 1403 4022 ac
1424 3959 1480 4021 mi·

238 4064 378 4130 serabile
408 4066 471 4131 tibi
500 4075 566 4143 est,
601 4066 782 4151 quod'libri
813 4069 862 4133 tui
887 4090 907 4131 a
929 4068 1021 4132 nullo
1043 4067 1216 4151 leguntur,
1254 4065 1364 4130 sedin
1388 4067 1480 4131 cistis

233 4171 443 4239 librariorum
466 4175 599 4259 pulvere
621 4175 744 4241 sordidi
766 4175 937 4259 pereant!“
976 4176 1039 4239 Hic
1062 4177 1127 4239 iam
1149 4174 1329 4240 annotandi
1352 4176 1480 4240 occasio

235 4280 351 4360 datur,
383 4289 547 4365 postrema
579 4304 662 4366 quae
691 4284 771 4349 dicit
794 4286 1010 4349 interlocutor
1039 4283 1140 4347 verba
1162 4285 1261 4347 etiam
1284 4284 1317 4345 iu
1341 4283 1481 4348 alteram

233 4395 360 4471 partem
383 4389 425 4453 ab
449 4390 532 4460 aliis,
546 4412 616 4454 esse
636 4392 809 4457 intellecta
830 4393 930 4475 idque
952 4392 994 4457 ab
1017 4391 1102 4471 aliis,
1126 4393 1181 4476 qui
1205 4393 1398 4457 monitorem
1419 4412 1478 4476 pm

234 4497 338 4561 amico
367 4497 460 4561 Persi
489 4499 656 4565 habereut.
707 4498 921 4586 Significant,
944 4501 1058 4579 aiunt,
1087 4501 1347 4564 interiectionem
1378 4500 1476 4564 amici

233 4608 414 4686 monentis,
439 4609 495 4690 qui
517 4607 745 4692 indignatione
775 4609 892 4692 plenus
923 4609 1205 4673 vehementissime
1228 4607 1346 4692 volgus
1368 4607 1474 4674 obiur

232 4719 314 4798 gat,
345 4714 431 4795 quod
461 4717 505 4780 sit
536 4715 577 4779 ab
608 4717 758 4782 omnibns
782 4717 875 4784 bouis
898 4717 1016 4783 studiis
1039 4726 1072 4781 et
1095 4716 1223 4781 artibus
1244 4723 1313 4781 tam
1336 4716 1497 4781 alienum-

233 4821 381 4904 nihilque
412 4831 505 4889 curet
534 4825 597 4887 nisi
625 4825 799 4890 mollitiem
827 4834 928 4908 atque
965 4825 1139 4889 luxuriam.
1202 4824 1256 4889 Ad
1285 4845 1382 4907 quam
1409 4844 1478 4889 sen·

232 4930 374 4994 tentiam
404 4931 556 4994 accedere
586 4932 717 5013 liceret,
759 4934 823 4996 nisi
851 4932 1096 4998 interlocutoris
1126 4933 1269 5017 species,
1314 4953 1397 5016 quac
1428 4944 1479 4999 est

232 5038 374 5102 hominis
408 5060 448 5102 ex
483 5041 555 5123 ipsa
587 5039 702 5123 plebe,
744 5041 927 5125 impediret.
959 5076 999 5086 -
1030 5042 1077 5105 At
1109 5057 1205 5118 vero„
1247 5043 1383 5106 etiamsi
1413 5064 1479 5103 ma

1252 5144 1303 5203 422«-
