3434 5659
645 1655 992 1793 Quaestio
1044 1656 1082 1767 Ι.

711 1969 774 2073 lle
798 1984 1003 2094 prologo.

324 2291 522 2376 Priusquam
543 2276 809 2376 all'quaestionis
823 2284 930 2376 ¹quarn
956 2293 1009 2357 hio
1039 2293 1202 2378 explicare
1228 2295 1262 2358 in
1292 2296 1399 2361 animo
1428 2302 1480 2363 est

243 2421 403 2465 summam
425 2394 636 2481 accedamus,
666 2400 705 2465 de
727 2402 950 2466 controversia
970 2401 1046 2482 illa,
1069 2423 1152 2485 quae
1172 2403 1237 2467 iam
1261 2410 1338 2469 ante
1361 2403 1480 2469 Oasau-

241 2507 320 2575 boni
342 2514 488 2574 aetatem
507 2508 595 2575 inter
615 2509 703 2575 viros
725 2509 837 2576 doctos
858 2517 974 2576 exorta
995 2518 1055 2592 est,
1077 2511 1170 2576 hicne
1192 2512 1345 2598 prologus
1366 2535 1479 2580 revera

242 2637 263 2680 a
284 2616 396 2683 Persio
418 2617 538 2683 macco
565 2616 724 2704 originem
750 2601 898 2698 duxerit,
927 2638 1034 2704 pauca
1064 2626 1140 2685 ante
1169 2620 1263 2684 nobis
1291 2621 1476 2687 disserenda

241 2725 314 2788 uisa
335 2730 421 2791 sunt.
464 2724 579 2809 Neque
600 2726 719 2790 mirum
741 2731 808 2806 est,
830 2725 954 2793 dehac
976 2728 1167 2810 quaestione
1190 2727 1352 2812 disputari
1372 2752 1477 2813 posse,
1536 2787 1539 2799 .

241 2835 356 2916 utpote
379 2854 469 2917 quae·
485 2840 574 2900 certe
595 2840 652 2899 res
668 2835 714 2901 sit
734 2833 830 2899 valde
852 2834 1090 2914 memorabilis,
1120 2834 1206 2917 quod
1235 2843 1332 2919 poeta
1353 2838 1476 2903 nullius

241 2940 385 3007 eiusdem
407 2942 544 3026 generis¹
564 2942 734 3026 scriptoris
756 2942 903 3026 exemplo
926 2941 1045 3008 ductus
1070 2942 1154 3008 libro
1177 2945 1352 3009 satirarum
1374 2947 1477 3029 prolo-

240 3070 318 3134 gum
346 3049 432 3114 hunc
452 3051 633 3135 praemisit,
653 3051 813 3136 imprimis
832 3071 909 3115 vero
933 3049 1018 3133 quod
1039 3071 1113 3114 eum
1133 3073 1198 3115 non
1220 3073 1315 3115 versu
1336 3053 1475 3134 heroico,

243 3157 300 3241 qui
320 3157 443 3224 satirae
463 3159 637 3225 familiaris
659 3163 726 3239 est,
759 3159 957 3243 composuit,
987 3158 1044 3223 sed
1070 3180 1202 3243 prorsus
1230 3159 1356 3226 diverso
1378 3163 1475 3227 metri

239 3287 374 3352 genere,
402 3268 552 3334 trimetro
580 3267 721 3334 iambico
751 3267 876 3333 claudo.
926 3266 1161 3332 Verumtamen
1190 3267 1348 3334 eiusmodi
1378 3292 1474 3357 argu-

239 3381 359 3456 menta,
380 3376 409 3440 si
429 3377 562 3461 planius
582 3376 868 3457 illustraverimus,
890 3398 955 3442 non
976 3381 1046 3441 tam
1067 3375 1183 3460 gravia
1205 3397 1274 3441 esse
1291 3379 1473 3461 apparebit,

239 3486 277 3550 ut
297 3483 357 3550 hos
385 3506 504 3550 versus
527 3485 570 3551 ab
600 3485 671 3570 ipso
692 3483 806 3549 Persic
835 3483 1024 3549 abiudicare
1056 3503 1219 3569 cogamur.
1269 3484 1382 3569 Atque
1410 3488 1472 3571 pri·
1548 3480 1552 3487 ’

156 3680 158 3685 Ι
237 3613 326 3658 mum
356 3593 487 3678 quidem
514 3593 643 3658 nullum
673 3597 784 3658 exstat
812 3596 961 3657 veterum
987 3592 1228 3673 testimonium,
1259 3593 1343 3676 quod
1371 3595 1472 3660 alium

237 3701 359 3767 indicet
380 3702 478 3767 huius
498 3701 628 3787 prologi
648 3706 816 3767 auctorem·
837 3720 935 3784 quam
956 3700 1121 3780 Persium,
1149 3722 1231 3784 quae
1254 3702 1279 3765 si
1307 3701 1471 3770 dubitatio

237 3811 272 3873 in
294 3810 510 3894 antiquitate
522 3811 590 3875 iam
617 3809 819 3889 exstitisset,
851 3808 905 3893 uel
925 3808 960 3873 in
981 3809 1053 3874 vita
1073 3808 1128 3873 vel
1153 3810 1187 3872 in
1216 3809 1348 3873 scholiis
1374 3811 1471 3876 huius

237 3918 284 3984 rei
305 3919 426 3983 mentio
449 3919 540 3984 certe
558 3919 650 3982 facta
672 3924 767 3985 esset.
809 3916 858 3983 At
880 3936 1042 4000 nusquam
1062 3916 1159 3981 huius
1181 3917 1398 3984 dubitationis
1419 3942 1471 3984 ve·

235 4026 338 4111 stigia
359 4026 552 4091 invenimus.
594 4025 772 4093 Praeterea
793 4046 904 4092 omnes
927 4025 1059 4119 codices,
1079 4023 1223 4109 (praeter
1244 4046 1344 4091 unum
1365 4029 1412 4093 W
1435 4037 1469 4108 23

234 4138 275 4199 cf.
296 4135 389 4199 Iahn.
412 4134 490 4201 edit.
511 4135 588 4200 mai.
609 4156 641 4220 p.
657 4134 701 4219 3.)
722 4135 893 4220 prologum
916 4134 1072 4198 exhibent
1094 4155 1133 4198 ex
1154 4141 1302 4200 veterum
1324 4137 1469 4203 librario-

232 4264 304 4307 rum
326 4264 413 4309 more
434 4240 545 4309 titulis
566 4243 706 4323 additis,
736 4244 792 4326 qui
820 4264 894 4307 eum
924 4243 1010 4308 clare
1036 4249 1136 4326 atque
1162 4246 1332 4328 perspicue
1357 4245 1469 4311 Persio

187 4340 189 4344 ¹
232 4350 394 4417 tribuunt.
445 4351 616 4417 Eiusmodi
647 4351 905 4435 subscriptiones
935 4371 952 4414 e
982 4350 1148 4416 codicibus
1176 4353 1265 4436 typis
1296 4354 1468 4437 exscriptis

232 4458 435 4545 desumptas¹
450 4493 485 4507 -·
514 4482 531 4526 e
552 4459 786 4544 manuscriptis
814 4482 880 4524 non
906 4458 1049 4539 licebat,
1072 4493 1111 4522 -.-
1133 4460 1334 4525 Hauthalius
1363 4462 1469 4543 (Persi

231 4568 324 4633 satir.
347 4567 402 4633 ed.·
417 4565 561 4654 Lipsiae,
584 4573 673 4633 1833.
698 4589 729 4653 p.-
753 4567 798 4652 3.)
820 4568 927 4649 affert,
949 4568 1054 4632 veluti
1075 4568 1218 4633 Parisini
1240 4568 1308 4653 (P):
1431 4560 1438 4577 ⁸

386 4722 388 4727 -
433 4676 532 4759 „Auli
560 4676 654 4742 Persi
683 4676 798 4742 Flacci
818 4678 853 4741 in
876 4678 1053 4742 satirarum
1077 4676 1199 4742 librum
1220 4678 1374 4764 prologus
1396 4700 1466 4745 oon·

448 4862 456 4885 ,
528 4793 623 4852 stans
644 4791 749 4853 metro
771 4784 912 4852 iambico
934 4784 1113 4851 trimetro.“

315 4897 401 4963 Sunt
423 4876 533 4977 etibr'n,
555 4895 615 4979 qui‘
633 4904 713 4962 voce
733 4895 863 4980 prologi
884 4893 1004 4959 omissa
1025 4893 1084 4959 hos
1100 4912 1213 4958 versus
1235 4914 1308 4959 cum
1329 4894 1466 4962 heroicis

232 5005 494 5091 quisequuutsii‘
515 5003 724 5084 continuent,
746 5020 811 5086 qua
831 5022 867 5067 re
889 5001 1000 5068 eodem
1021 5003 1091 5066 iure
1112 5001 1189 5066 illos
1207 5004 1383 5065 trimetros
1393 5003 1477 5087 usr-

230 5112 639 5182 sic''aducriberlhcs'esse
657 5111 905 5182 'demonstrant
933 5117 1041 5194 atque
1065 5107 1203 5190 §thmuis
1227 5103 1365 5258 mirusque,
1378 5098 1561 5193 uenum-q
