3434 5659
703 506 825 563 -112
873 522 908 543 a.

228 688 381 731 versuum
407 667 710 745 conscribendorum
737 667 870 731 artificii
897 666 1004 751 gloria
1030 665 1219 750 gaudebant
1247 671 1347 748 atque
1368 667 1465 748 impe·

227 775 377 840 citissimi
400 777 555 857 citiusque
577 774 705 839 laudem
730 775 863 859 indigne
886 773 1094 856 captabant·
1126 771 1234 847 Quare
1263 774 1365 838 satira
1388 794 1465 856 quo·

230 902 292 963 que
314 905 333 944 a
355 882 451 945 rebus
475 882 614 965 publicis
637 882 679 946 ad
700 883 814 947 literas
839 883 1045 966 potissimum
1072 881 1271 947 vertebatur.
1319 882 1358 945 ld
1380 882 1464 964 quod

228 988 263 1053 in
284 990 422 1055 Horatio
443 991 509 1054 iam
532 990 750 1055 animadverti
773 997 891 1073 potest,
916 991 981 1073 qui,
1004 1011 1202 1072 quamquam
1222 991 1256 1052 in
1277 991 1464 1055 universum

229 1099 333 1162 aetati
364 1119 442 1162 suae
472 1121 535 1163 non
562 1099 686 1182 parcit,
715 1120 876 1181 nusquam
899 1109 1008 1162 tamen
1032 1099 1165 1183 gravius
1188 1104 1409 1162 commoretur
1431 1105 1464 1162 et

229 1205 336 1269 acrius
359 1207 533 1289 veriusque
557 1209 679 1272 satirae
702 1229 781 1271 sirac
803 1207 953 1271 aculeum
975 1207 1136 1284 intendit,
1166 1227 1262 1288 quam
1289 1206 1347 1269 uhi
1369 1207 1407 1271 de
1429 1206 1464 1269 li-

226 1321 371 1380 terarimr
401 1315 585 1380 conditione
607 1316 701 1401 agit,
724 1314 778 1397 (cf.
806 1316 883 1379 Hor.
911 1337 981 1398 epp.
1005 1315 1047 1378 ll.
1079 1321 1112 1380 et
1141 1322 1201 1380 art.
1231 1313 1332 1398 poet.)
1360 1337 1465 1398 neque

229 1444 421 1506 quemquam
453 1431 563 1508 potest
593 1426 724 1509 fugere,
754 1417 792 1489 ea
814 1426 849 1488 in
872 1446 906 1488 re
936 1442 1093 1487 summam
1124 1423 1242 1488 Horati
1269 1425 1335 1486 vim
1365 1432 1465 1507 atque

229 1523 461 1597 auctoritatem
482 1533 621 1616 positam
645 1554 724 1596 esse.
769 1533 878 1617 Magis
901 1533 1000 1596 etiam
1023 1531 1084 1596 hoc
1099 1531 1189 1596 valet
1211 1531 1250 1595 de
1272 1531 1365 1595 Persi
1386 1539 1464 1597 tem·

229 1639 361 1722 poribus
385 1649 485 1724 atque
507 1642 619 1706 satira.
666 1641 755 1705 Nam
785 1641 891 1726 magis
913 1640 1013 1704 etiam
1033 1640 1174 1704 incaluit
1199 1639 1282 1703 illud
1304 1640 1463 1704 scribendi

228 1748 389 1826 studium,
418 1751 580 1814 recitandi
602 1751 706 1830 furor,
736 1751 899 1836 rhetorica
923 1750 1133 1816 institutione
1159 1749 1264 1830 magis
1287 1770 1464 1833 corrumpe·

227 1855 349 1921 bantur
371 1858 523 1921 iuvenum
546 1858 667 1937 studia,
690 1866 723 1924 et
745 1857 932 1922 auditorum
958 1859 1091 1941 ineptae
1099 1858 1213 1922 laudes
1226 1857 1341 1942 quovis
1363 1859 1462 1922 etiam

227 1966 366 2048 pessimo
389 1967 528 2033 artificio
551 1962 802 2050 quaerebantur.
851 1966 970 2048 Itaque
998 1967 1062 2030 huc
1087 1967 1310 2050 potissimum,
1347 1966 1399 2029 cui
1421 1966 1462 2030 ad

227 2073 460 2159 rempublicam
482 2099 546 2141 non
568 2075 706 2159 patebat
728 2095 896 2154 accessus,
923 2081 1051 2138 vertere
1078 2096 1111 2138 se
1133 2073 1274 2139 debebat
1301 2073 1394 2137 Persi
1416 2096 1462 2138 sa-

227 2183 302 2249 tira.
347 2182 446 2263 Quid,
469 2205 606 2267 quaeso,
628 2192 697 2249 tum
720 2184 854 2262 mirum,
878 2183 980 2266 quod,
1006 2190 1180 2267 postquam
1202 2203 1348 2265 —quae
1370 2183 1461 2247 omit-

227 2300 297 2354 tere
319 2313 383 2356 non
404 2298 551 2374 poterat,
572 2328 613 2337 -
634 2292 746 2375 primis
769 2291 918 2355 versibus
947 2312 1053 2376 pauca
1075 2291 1114 2354 de
1143 2312 1176 2355 se
1198 2311 1320 2373 suoque
1351 2291 1460 2355 carmi·

227 2420 304 2463 num
339 2399 583 2487 pangendorum
621 2406 741 2465 conatu
776 2400 947 2479 disseruit,
997 2398 1182 2486 argumenti
1220 2399 1363 2482 quinque
1391 2398 1464 2464 reli·

228 2497 364 2592 quarum
387 2508 563 2574 satirarum
585 2509 674 2573 nullo
697 2509 790 2574 modo
812 2509 940 2574 ratione
966 2509 1083 2574 habita
1104 2508 1219 2591 suique
1241 2507 1462 2590 praeceptoris

228 2618 350 2683 stoicae
372 2616 595 2700 philosophiae
617 2615 793 2698 immemor,
815 2618 931 2682 statim
953 2617 994 2682 ab
1017 2617 1114 2682 initio
1135 2616 1312 2700 iamquein
1328 2615 1461 2700 prologo

226 2727 261 2790 in
283 2730 452 2808 corruptos
474 2745 553 2790 suae
575 2726 697 2792 aetatis
717 2731 833 2810 poetas
860 2725 1138 2810 depravatamque
1163 2725 1333 2790 literarum
1356 2722 1472 2788 condi-2

226 2835 348 2899 tionem
380 2841 477 2918 poeta
506 2855 540 2898 se
569 2835 740 2899 convertit.
789 2834 960 2899 Eiusmodi
991 2842 1102 2900 autem
1130 2833 1284 2898 licentiae
1314 2832 1461 2915 poeticae

226 2941 569 3026 indulgendumhaud
591 2943 688 3009 dubie
711 2950 761 3009 est
783 2950 893 3027 atque,
916 2938 1047 3008 etiamsi
1069 2941 1263 3007 contendere
1284 2941 1374 3022 licet,
1394 2962 1462 3006 rem

228 3062 314 3115 certe
337 3051 453 3115 melius
475 3074 509 3115 se
531 3051 669 3132 habere,
704 3052 730 3116 si
752 3051 886 3116 Persius
913 3052 1098 3136 argumenti
1126 3058 1306 3115 ceterorum
1334 3066 1462 3134 quoque

227 3159 406 3223 carminum
428 3159 637 3242 aliquatenus
660 3160 996 3226 commemorationem
1019 3159 1169 3235 fecisset,
1197 3165 1308 3222 tamen
1328 3140 1462 3242 ¹propter

226 3266 329 3332 solam
350 3256 434 3332 hanc
456 3288 523 3332 rem
545 3269 746 3352 neglectam,
767 3270 795 3332 si
816 3269 944 3351 reliqua
965 3268 1047 3333 bene
1077 3289 1109 3332 se
1130 3267 1270 3348 habent,
1298 3267 1463 3331 sententia

226 3373 303 3453 illa,
326 3376 502 3440 secundum
524 3398 621 3459 quam
642 3375 797 3461 prologus
819 3376 971 3443 omnibus
993 3376 1103 3442 satiris
1126 3375 1366 3459 praemittitur,
1397 3395 1461 3439 non

225 3504 357 3566 prorsus
377 3485 509 3548 videtur
530 3485 714 3551 refutanda.
800 3554 802 3557 ,

309 3591 445 3674 Itaque,
474 3601 512 3657 ut
534 3594 665 3677 paucis,
694 3614 777 3676 quae
804 3594 842 3657 de
870 3601 984 3660 nostra
1012 3616 1052 3658 ex
1073 3600 1146 3658 tota
1168 3593 1370 3676 expositione
1392 3613 1462 3675 pro·

226 3700 315 3764 fecta
341 3700 490 3783 opinione
518 3700 656 3766 dicenda
682 3701 855 3783 habemus,
885 3703 1157 3786 complectamur,
1188 3700 1462 3784 simplicissimam

226 3806 352 3891 prologi
381 3808 633 3891 explicationem
662 3810 746 3873 hanc
776 3831 846 3875 esse
877 3818 1027 3895 apparet:
1071 3809 1231 3895 Prologus
1266 3816 1315 3872 est
1354 3807 1463 3871 brevis

225 3916 387 3998 praelatio
410 3917 452 3981 ad
480 3922 587 3983 totum
613 3918 789 3984 satirarum
814 3919 936 3983 librum
957 3918 1143 3998 referenda,
1172 3917 1230 3982 sed
1257 3917 1307 3982 ita
1337 3913 1463 3999 compa·

226 4030 310 4102 rata,
332 4032 369 4089 ut
392 4027 577 4110 argumenti
600 4047 758 4091 summanr
781 4027 1081 4112 cogitationemque
1097 4025 1285 4112 primariam
1303 4044 1343 4088 ex
1357 4024 1463 4109 prima

225 4131 329 4197 satira
350 4139 449 4215 poeta
471 4133 627 4200 hauserit.
