3434 5659
220 2500 327 2602 Persi
349 2538 471 2603 satirae
494 2513 575 2620 quot
597 2535 849 2603 difficultatibus
872 2542 1061 2620 quantaque
1084 2534 1286 2601 obscuritate
1307 2535 1467 2618 laborent,

230 2685 377 2758 nonest,
399 2678 486 2762 quod
507 2700 663 2744 moneam.
705 2679 824 2762 Itaque
846 2699 1013 2762 nunquam
1036 2678 1224 2758 defuerunt,
1247 2678 1301 2761 qui
1324 2678 1391 2742 illis
1413 2700 1465 2743 er·

232 2819 401 2904 pcdicndis
432 2841 562 2905 operam
590 2821 805 2902 navaverint,
845 2827 946 2904 atque
977 2821 1107 2886 etiamsi
1138 2820 1375 2886 concedendurn
1392 2824 1468 2912 'est

231 2964 321 3027 viros·
335 2963 545 3033 ¹doctissimos
575 2961 688 3029 multis
718 2963 848 3048 quidem
877 2963 975 3043 locis,
1007 2984 1143 3046 quorum
1173 2963 1383 3028 difficultates
1411 2985 1468 3027 un·

232 3126 330 3188 quam
353 3125 547 3195 quemquam
569 3112 798 3190 superaturum
821 3127 891 3171 esse
913 3127 1035 3186 omnes,
1058 3105 1114 3188 qui
1129 3104 1276 3168 Persium
1299 3110 1468 3184 noverant,

235 3253 335 3312 antea
355 3269 460 3333 paene
482 3247 714 3333 desperabant,
740 3248 964 3313 felicissimam
985 3245 1179 3311 medicinam
1200 3245 1400 3325 adhibuisse,
1420 3251 1468 3310 ta·
1520 3335 1525 3345 1

232 3411 305 3454 men
326 3396 379 3456 tot
400 3390 505 3455 adhuc
527 3398 660 3458 exstant
681 3391 761 3471 loci,
792 3413 872 3474 quos
894 3391 1061 3457 illustrare
1078 3354 1196 3473 itaque
1219 3389 1398 3473 explicare,
1429 3396 1467 3454 ut

232 3533 344 3597 futura
364 3532 400 3596 in
421 3531 557 3597 eandem
577 3552 646 3597 rem
667 3534 853 3598 tentamina
879 3554 1010 3616 prorsus
1037 3552 1278 3616 supervacanea
1300 3530 1383 3601 sint,
1413 3530 1466 3594 hc·

231 3674 328 3753 mini,
364 3674 464 3740 etiam
487 3673 621 3738 maximi
641 3675 766 3759 ingenii
799 3675 937 3739 eximiae
959 3673 1048 3738 laudi
1078 3674 1131 3738 sit.
1185 3671 1342 3747 Quamvis
1364 3670 1468 3756 igitur

232 3814 329 3879 huius
359 3817 405 3880 rei
436 3815 652 3882 consideratio
689 3817 828 3882 tironem
857 3838 878 3879 a
906 3815 998 3880 Persi
1028 3815 1136 3880 studio
1171 3813 1268 3878 facile
1304 3812 1466 3877 deterrere

232 3957 346 4041 possit,
370 3977 444 4022 cum
464 3961 592 4024 fructus
613 3959 750 4025 istorum
773 3957 956 4023 studiorum
978 3955 1131 4040 parvulos
1152 3951 1378 4021 tantummodo
1399 3953 1467 4015 fore

232 4107 408 4183 appareat,
441 4106 552 4165 tamen
580 4100 659 4164 mihi
687 4122 752 4166 non
774 4099 920 4165 dedecori
950 4097 1054 4164 tribui
1080 4119 1174 4181 posse
1195 4096 1353 4174 arbitror,
1382 4094 1466 4157 siin

232 4241 293 4306 hoc
314 4248 409 4308 tanto
432 4238 544 4307 labore
567 4241 646 4325 quid
666 4242 753 4307 vires
774 4262 866 4306 meae
888 4241 1023 4306 valeant
1052 4240 1260 4323 periclitatus
1282 4258 1362 4300 sum.
1416 4236 1466 4299 In-

231 4389 325 4467 tcgrc
348 4384 433 4448 enim
454 4404 559 4468 neque
580 4389 818 4469 praeoccupato
844 4381 964 4447 iudicio
992 4381 1032 4447 ad
1054 4380 1145 4445 Persi
1169 4381 1289 4445 satiras
1311 4377 1466 4442 accedens

233 4525 294 4589 hoo
316 4525 396 4589 mihi
417 4525 588 4615 proposui,
610 4532 649 4592 ut
670 4525 846 4593 nonnullas
869 4524 1077 4607 quaestiones
1099 4521 1205 4586 adhuc
1227 4542 1290 4585 non
1313 4521 1395 4585 satis
1416 4539 1467 4582 ex-

232 4667 386 4750 planatas
407 4673 622 4733 retractarem
644 4672 760 4750 atque,
787 4665 843 4731 nbi
865 4665 928 4731 viri
950 4665 1038 4730 docti
1060 4665 1094 4727 in
1118 4662 1263 4728 diversas
1286 4661 1466 4727 sententias

232 4808 392 4873 abiissent
419 4828 523 4872 meam
551 4809 750 4874 sententiam
775 4807 921 4879 breviter
949 4825 1149 4889 exponerem.
1202 4803 1320 4886 Itaque
1342 4822 1467 4885 semper

232 4950 362 5016 consilii
391 4950 576 5034 scriptoris,
606 4969 714 5015 rerum
735 4954 770 5014 et
790 4948 963 5014 verborum
991 4966 1114 5027 nexus,
1141 4965 1283 5028 ususque
1314 4942 1471 5024 loquendi

233 5092 410 5187 diligenter
429 5092 590 5159 rationem
610 5089 717 5171 habui
736 5097 846 5179 utque
865 5091 948 5156 noui
975 5085 1114 5169 airnurb
1131 5081 1328 5241 protem?
1342 5066 1521 5145 specum
