3434 5659
767 756 974 814 ..17-

246 919 381 984 ritatem
404 924 538 982 externo
562 917 655 982 cultu
677 916 871 981 simulantes
894 939 1004 982 omnes
1026 917 1109 982 alios
1134 916 1281 983 homines
1302 917 1435 983 insanos
1457 920 1491 982 et

248 1027 370 1094 stultos
400 1049 469 1093 esse
499 1026 707 1104 clamabant,
738 1034 771 1090 et
794 1027 918 1091 stoicae
949 1025 1079 1091 scholae
1101 1010 1292 1111 ¹praeceptis
1314 1024 1490 1091 abutentes

246 1159 281 1203 se
303 1137 391 1220 ipsos
418 1135 503 1201 solos
531 1137 696 1218 sapientes
719 1156 789 1199 esse
811 1134 1050 1220 gloriabantur.
1101 1135 1218 1199 Hicin
1242 1134 1356 1199 villam
1379 1133 1489 1199 subito

154 1318 156 1323 ,
245 1247 430 1329 irrumpens
459 1245 701 1327 Horatiumque
731 1245 797 1310 otio
822 1243 966 1310 deditum
992 1244 1192 1328 opprimens,
1221 1242 1353 1320 statim,
1386 1242 1489 1325 prius·

246 1377 345 1439 quam
366 1361 465 1438 poeta
488 1377 528 1418 ex
550 1354 695 1419 adventu
717 1352 808 1417 illius
830 1353 1026 1436 necopinato
1050 1352 1195 1416 animum
1221 1351 1362 1434 recepit,
1391 1348 1488 1434 pigri-

246 1465 327 1529 tiam
348 1463 439 1528 illius
461 1483 615 1529 accusare
637 1463 764 1546 incipit.
817 1461 908 1526 Talis
931 1467 1026 1525 actus
1053 1461 1200 1524 scenicus
1227 1459 1358 1524 omnino
1379 1457 1489 1542 placet

246 1578 346 1656 atque
367 1573 512 1637 insanire
534 1594 607 1636 eum
630 1572 869 1650 existimarem,
892 1571 946 1652 qui
970 1570 1031 1634 hoc
1052 1570 1241 1652 vituperare
1264 1567 1380 1647 vellet,
1402 1564 1488 1650 quod

244 1681 466 1765 Damasippus
487 1681 541 1744 hie
559 1681 650 1771 prior
670 1681 870 1763 loqueretur.
885 1677 918 1758 *l

327 1812 531 1878 Recedamus
559 1815 626 1878 iam
655 1814 697 1880 ad
719 1815 859 1898 primum
886 1815 1010 1879 satirae
1032 1834 1162 1877 versum
1184 1818 1285 1896 atque
1307 1811 1486 1889 videamus,

244 1921 372 1987 aliaeue
402 1929 534 1988 exstent
565 1943 700 2003 causae,
737 1944 820 2006 quae
850 1924 989 2006 primam
1019 1929 1119 2005 atque
1148 1921 1353 2005 primariam,
1388 1941 1486 2003 quam

244 2030 338 2096 modo
361 2052 401 2095 ex
422 2031 527 2114 ipsius
548 2032 794 2097 interlocutoris
813 2039 935 2096 natura
948 2032 1126 2108 hausimus,
1149 2030 1350 2110 confirment,
1371 2027 1486 2094 deiude

245 2140 323 2220 quid
344 2140 420 2205 istis
442 2139 551 2204 verbis
573 2139 722 2219 Persius,
745 2141 796 2203 cui
820 2147 899 2204 sunt
920 2138 1142 2218 attribuenda,
1165 2139 1271 2203 dicere
1294 2137 1385 2203 velit.

326 2273 494 2337 Habemus
523 2274 565 2338 ad
593 2274 680 2337 hunc
710 2274 818 2338 locum
847 2273 1095 2339 annotationem
1126 2272 1336 2338 scholiastae:
1379 2271 1485 2351 „hunc

243 2402 373 2445 versum
400 2381 439 2447 de
466 2381 589 2446 Lucilii
625 2385 728 2466 primo
766 2380 979 2460 transtulit“,
1022 2403 1106 2464 quae
1135 2382 1235 2467 vulgo
1271 2381 1313 2445 ad
1355 2400 1485 2445 versum

239 2490 380 2555 alterum
423 2491 630 2557 adscribitur.
696 2492 760 2556 Sed
795 2491 876 2574 quid
913 2497 993 2555 nota
1034 2490 1104 2554 illic
1145 2490 1254 2573 posita
1290 2489 1355 2553 sibi
1390 2489 1483 2568 velit,

240 2599 433 2684 intellegere
462 2622 527 2665 uon
556 2622 746 2684 possumus,
783 2608 818 2665 at
848 2601 1023 2683 probamus
1051 2601 1164 2683 potius
1195 2620 1268 2663 curn
1296 2598 1412 2663 lahnio
1442 2595 1483 2663 G.

239 2706 394 2792 Pinzgeri
423 2707 506 2790 (len.
547 2708 670 2794 Litatg.
703 2717 793 2788 1823,
834 2731 866 2772 n.
901 2716 956 2786 77,
996 2730 1070 2793 pag.
1102 2706 1186 2791 130.)
1216 2709 1381 2794 egregiam
1412 2728 1483 2772 con·

238 2817 416 2895 iecturam,
460 2838 524 2899 qua
556 2818 649 2882 illam
679 2819 927 2883 annotationem
958 2818 999 2882 ad
1028 2838 1158 2881 versum
1187 2818 1327 2901 primum
1355 2816 1482 2883 retulit.

237 2924 368 2989 Clarius
396 2925 500 3010 igitur
528 2933 626 3009 poeta
655 2927 799 2991 indicare
827 2949 892 2992 non
915 2933 1063 3008 poterat,
1094 2948 1129 2991 se
1158 2927 1279 2992 satiras
1309 2947 1380 2990 esse
1402 2927 1477 2992 scri·

238 3041 394 3117 pturum,
418 3056 535 3117 „quam
556 3036 594 3114 si,
618 3042 655 3100 ut
676 3036 812 3099 Iahnius
836 3058 910 3120 pag.
936 3043 983 3098 ts.
1006 3035 1103 3115 dicit,
1131 3059 1150 3099 a
1172 3056 1270 3099 versu
1293 3035 1401 3099 Lucili
1421 3036 1481 3101 ini·

237 3145 321 3209 tium
343 3146 466 3210 faceret
489 3153 522 3211 et
545 3147 654 3209 nescio
678 3167 719 3209 an
742 3146 801 3210 hoc
825 3167 953 3230 quoque
976 3146 1060 3209 hanc
1076 3145 1275 3210 sententiam
1292 3146 1482 3219 confirmare

237 3254 398 3334 videatur,
420 3255 506 3338 quod
528 3255 669 3339 legimus
691 3257 725 3318 in
749 3257 829 3335 vita,
850 3254 1001 3318 Persium
1023 3254 1109 3319 lecto
1118 3253 1229 3318 Lucili
1249 3253 1334 3318 libro
1357 3254 1480 3320 decimo

237 3363 446 3428 vehementer
477 3365 599 3428 satiras
629 3384 820 3448 corrrponere
848 3364 1031 3440 studuisse,
1062 3364 1155 3426 euius
1183 3362 1261 3426 libri
1283 3364 1480 3447 principium

235 3472 387 3537 imitatus
410 3472 483 3537 sit.“
528 3472 665 3536 Delixus
686 3475 720 3537 in
744 3475 1022 3558 contemplatione
1051 3470 1175 3535 saeculi
1205 3473 1256 3535 sui
1279 3471 1479 3556 depravatis·

233 3574 306 3635 simi
330 3594 506 3657 eorumque
528 3575 681 3651 omnium,
704 3594 788 3657 quae
810 3575 966 3640 mortales
989 3588 1104 3664 agunt,
1127 3599 1198 3643 cum
1211 3580 1293 3645 haee
1303 3581 1478 3665 plusquam

233 3704 319 3746 vana
341 3703 411 3747 esse
439 3683 727 3749 animadvertisset
757 3684 819 3748 hoc
848 3687 979 3751 exordio
1010 3688 1150 3770 abrupto
1179 3697 1280 3773 atque
1309 3691 1477 3774 gravitate

232 3791 368 3870 referte,
413 3792 452 3856 de
482 3790 636 3856 futilibus
665 3793 830 3857 hominum
864 3797 951 3860 cruris
979 3800 1116 3862 satiram
1145 3799 1287 3862 scribere
1316 3800 1474 3866 instituit.

232 3898 318 3966 Tota
340 3902 517 3965 satirarum
539 3922 672 3965 suarum
695 3905 834 3968 materia
855 3905 906 3967 his
928 3908 1043 3988 paucis
1065 3907 1174 3971 verbis
1202 3909 1406 3988 continetur,
1435 3908 1474 3973 de

247 4143 279 4209 *l
297 4144 414 4198 Meister.
432 4145 522 4207 (lctute
541 4143 616 4198 Stud.
628 4162 654 4214 p.
666 4143 718 4211 84.)
736 4162 841 4199 omnem
854 4145 1041 4215 differentiam,
1060 4167 1139 4220 quam
1157 4150 1228 4204 inter
1245 4149 1342 4205 Horati
1359 4157 1386 4205 et
1398 4151 1490 4205 Persi.

296 4236 512 4290 interlocutorum
531 4235 703 4304 ostendimus,
721 4238 877 4307 intellegere
894 4245 925 4293 ut
942 4238 1048 4294 videtur
1065 4257 1119 4294 non
1136 4242 1214 4310 vult,
1233 4260 1291 4297 cum
1310 4241 1391 4311 dicit:
1410 4244 1472 4311 „ich

295 4327 341 4380 hin
359 4327 492 4382 durchaus
509 4329 587 4383 nicht
602 4329 697 4398 fshig,
723 4329 813 4384 diesen
836 4331 881 4385 fiir
905 4331 948 4385 die
967 4331 1096 4388 Unterart
1113 4321 1338 4390 entscheidenden
1356 4336 1473 4392 Charak-

295 4424 389 4489 ternug
406 4420 588 4486 aufzufinden,
607 4419 722 4474 sonderu
739 4422 850 4491 glaube,
880 4423 940 4476 dass
958 4443 986 4477 ss
1003 4442 1053 4493 gar
1069 4426 1168 4480 keinen
1186 4428 1295 4482 solcheu
1312 4427 1385 4498 gibt,
1412 4427 1473 4484 dass

297 4511 427 4564 vielmehr
444 4511 517 4565 hloss
530 4511 567 4577 (P)
587 4511 655 4565 nach
674 4511 732 4565 dem
759 4515 854 4568 Inhalt
880 4514 927 4568 der
944 4526 1031 4570 ersten
1051 4518 1145 4574 Worts
1166 4519 1221 4572 und
1246 4521 1312 4572 nach
1333 4519 1380 4575 der
1396 4521 1471 4594 Mug-

295 4602 408 4656 liehheit
433 4603 478 4656 des
505 4606 622 4657 reinsten
646 4605 908 4678 Zussrnnrenhunges
934 4609 1104 4663 cntschieden
1133 4612 1238 4665 worden
1258 4630 1343 4680 rnrrss,
1373 4613 1407 4668 ob
1425 4612 1471 4669 der

295 4694 353 4747 sioh
371 4694 455 4748 solbet
472 4701 590 4766 gesetate
603 4697 644 4762 (ἒ)
663 4698 770 4766 tiegner
788 4700 836 4752 mit
854 4698 905 4755 den
923 4707 1011 4754 ersten
1029 4701 1143 4757 Worteu
1161 4703 1299 4774 beginut.“
1341 4704 1393 4760 Sed
1410 4723 1469 4761 cum

294 4787 352 4838 viro
374 4787 401 4838 in
428 4786 527 4841 iudicio
552 4794 607 4842 tam
630 4790 708 4842 celeri
733 4789 868 4862 disputare
892 4794 1020 4847 maiorem
1044 4793 1126 4848 hahet
1143 4794 1325 4850 difficultatem
1344 4813 1422 4867 quam
1439 4802 1471 4852 nt

294 4876 361 4930 mihi
386 4877 490 4948 quidem
509 4879 542 4932 ds
560 4897 591 4933 ea
607 4898 636 4932 re
655 4881 736 4936 verba
753 4884 871 4954 amplius
888 4886 976 4938 lacere
1003 4886 1032 4938 iu
1049 4887 1137 4940 animo
1155 4889 1199 4941 sit.
1246 4891 1319 4952 tluae
1343 4890 1469 4945 extremis

294 4970 382 5024 verbis
399 4969 477 5038 dixit,
494 4971 522 5023 in
541 4977 616 5026 textu
633 4973 740 5043 longius
758 4978 943 5031 tractavimus.
1006 5046 1008 5050 Ι

1267 5067 1295 5118 'h
