3434 5659
758 484 966 543 ..pp-

344 646 424 714 Int.:
471 646 604 729 „Nema
626 647 757 713 hercule
765 646 791 708 !“

345 755 446 843 Bere:
472 755 634 836 ,Nomou

145 898 147 963 p
243 888 274 929 u.
296 870 325 931 3.
346 864 426 932 Int:
471 862 553 945 „Vel
574 865 638 931 duo
660 864 844 931 seluemo:
868 871 964 947 turpe
986 868 1021 929 et
1041 862 1260 929 miserabile!“

345 972 449 1041 Pers:
474 971 644 1053 ,Quare?“

325 1081 376 1147 De
397 1082 516 1147 esteris
538 1081 847 1159 distributionibus,
871 1089 1081 1166 quotcunque
1103 1082 1300 1164 interpretes
1322 1082 1357 1145 in
1379 1081 1486 1146 luoem

155 1170 158 1182 ’
243 1190 466 1275 protulerunt,
494 1189 601 1256 multa
631 1190 732 1257 verba
759 1191 866 1255 facere
897 1213 961 1255 non
990 1211 1072 1275 opus
1101 1195 1166 1269 est,
1197 1197 1370 1273 propterea
1399 1189 1486 1273 quod

242 1297 337 1365 nulla
357 1298 444 1364 inter
466 1320 522 1363 eas
543 1305 664 1377 exstat,
687 1319 771 1383 quae
795 1307 827 1363 et
850 1299 1051 1366 auetoritate
1074 1305 1107 1363 et
1130 1297 1389 1384 elegantiarum
1409 1300 1485 1364 istis

241 1406 370 1473 duabus
380 1408 424 1473 sit
440 1406 667 1491 eomparanda.
691 1406 1275 1492 Commemoratufortassedignaest
1295 1407 1365 1487 illa,
1387 1428 1485 1490 quarn

145 1562 148 1591 ,
241 1515 374 1581 exhibet
397 1514 614 1581 Aehaintrius
637 1516 683 1601 (p.
707 1516 781 1601 lu).
836 1517 899 1582 Hie
929 1517 1013 1581 enim
1043 1514 1196 1581 ultimam
1217 1536 1330 1581 voosm
1351 1514 1486 1581 secundi

145 1690 148 1717 ᾗ
242 1645 355 1691 versus
376 1630 508 1708 tresque
530 1625 652 1710 primas
674 1626 767 1691 tertii
787 1646 902 1691 versus
924 1625 982 1692 dat
1003 1624 1133 1704 Persio,
1155 1626 1204 1689 itu
1225 1632 1265 1690 ut
1286 1624 1388 1690 verba
1402 1623 1485 1719 ¹1,rel

145 1722 148 1783 l
242 1732 306 1799 duo
327 1731 382 1797 vel
404 1782 410 1795 .
434 1781 442 1796 .
465 1783 471 1795 .
495 1756 515 1798 a
537 1753 616 1799 vooe
638 1755 722 1818 quae
744 1736 895 1818 sequitur
919 1735 1050 1815 „nem0“
1075 1735 1207 1818 punctis
1229 1733 1357 1817 aliquot
1379 1710 1485 1799 sdiun·

145 1868 149 1923 ῑ
241 1848 311 1928 gat,
333 1841 572 1925 quam-tribuit
594 1843 831 1909 interlocutori.

306 1948 434 2039 ¹Quam
456 1951 499 2017 ad
520 1973 587 2017 rem
610 1951 801 2018 firmandam
824 1950 953 2018 addidit
974 1952 1068 2017 haee:
1102 1949 1181 2031 „„In
1201 1949 1343 2017 Puteani
1374 1951 1485 2017 codiee

146 2062 150 2085 ⁹
242 2060 375 2127 initium
397 2080 511 2125 versus
533 2058 592 2142 (3.)
623 2081 696 2125 oum
725 2061 788 2125 fine
810 2055 1038 2143 praecedentis
1060 2060 1221 2125 cohaeret.
1244 2058 1376 2133 ¹Persio
1398 2061 1486 2125 euim

147 2230 151 2265 ἲ
243 2168 323 2235 haee
344 2167 547 2249 tribuuntur,
570 2170 664 2252 quasi
686 2168 836 2234 dixisset:
864 2190 975 2248 ,nemo
997 2166 1101 2249 (aisll
1123 2167 1180 2233 ah!
1203 2168 1322 2234 saltem
1336 2168 1410 2249 duo,
1431 2168 1485 2233 vel

147 2272 152 2317 ἦ
242 2282 320 2357 tres,
334 2276 388 2341 vel
395 2277 524 2361 aliquot
531 2277 894 2343 mihieruntleotores!“
919 2276 976 2341 sed
986 2275 1194 2342 adversarius
1204 2299 1270 2342 non
1280 2285 1486 2361 exspectans,

148 2384 152 2429 ²
243 2385 344 2453 donec
372 2386 558 2459 inehoatarn
588 2387 785 2451 seutentiam
817 2385 1012 2464 absolverit,
1041 2385 1242 2469 interpellat
1270 2392 1304 2452 et
1332 2385 1486 2453 subiicit:

148 2520 152 2569 t
198 2572 200 2577 Ι
246 2494 383 2575 „Nemo;
412 2501 509 2578 turpe
542 2501 575 2559 et
597 2494 811 2559 miserabile.“
866 2494 952 2558 Huic
983 2495 1181 2560 assentimur
1210 2495 1487 2579 interpretationi,

244 2623 327 2687 quae
349 2609 384 2669 et
405 2609 486 2687 apta
507 2609 542 2667 et
563 2601 697 2688 elegans
717 2602 817 2669 est.““

325 2712 476 2797 Apparet
497 2731 538 2775 ex
558 2711 620 2791 his,
642 2718 766 2795 quanto
789 2732 885 2795 opere
908 2710 1048 2777 editores
1063 2713 1097 2775 in
1112 2710 1242 2796 dialogo
1258 2710 1486 2778 distribuendo

150 2832 153 2867 ³
244 2819 453 2900 dissentiant,
476 2827 576 2905 atque
598 2820 770 2905 ingeniosa
789 2819 903 2886 vocari
923 2826 1035 2904 posset
1043 2818 1219 2886 Achaintri
1231 2820 1432 2900 distributio,
1445 2853 1486 2863 -

150 2976 152 3005 ,
244 2952 342 3015 quum
374 2934 518 2997 ceterum
547 2930 613 2994 iam
641 2928 869 2994 casaubonum
895 2927 939 3012 (p.
963 2926 1027 3011 36.)
1049 2929 1203 3014 attigisse
1225 2928 1339 3009 rideo,
1364 2964 1394 2974 -
1421 2929 1486 2993 nisi

149 3024 154 3127 ζ
243 3038 346 3104 verba
367 3058 451 3121 quae
474 3046 657 3120 sequuntur
679 3036 822 3102 dilucide
845 3037 1072 3118 ostenderent,
1101 3038 1259 3104 eiusmodi
1284 3038 1382 3104 triste
1404 3036 1486 3103 sola·

151 3198 154 3217 .
242 3148 327 3213 tium
349 3147 401 3212 hio
424 3169 443 3210 a
465 3145 577 3212 Persio
608 3147 719 3231 appeti
749 3147 878 3211 omnino
909 3169 973 3211 non
1003 3168 1106 3230 posse.
1155 3145 1290 3223 Quade
1313 3154 1488 3213 causaest

151 3262 155 3327 ’,
242 3253 429 3320 reiieienda.
