3434 5659
676 1702 972 1841 Quaestio
1013 1703 1075 1812 ΙΙ

345 2083 347 2088 Ι
392 1971 452 2051 lte
478 1969 657 2070 dialogo
686 1971 875 2053 satiram
901 1971 1096 2073 primam
1124 1971 1379 2074 incipiente.

293 2277 296 2284 ,
345 2203 444 2268 Primi
475 2211 543 2269 tres
575 2227 706 2284 vorsus,
736 2202 916 2289 dequibus
945 2205 1024 2270 solis
1039 2203 1072 2287 *)
1102 2205 1181 2269 haec
1213 2204 1409 2289 disceptatio
1438 2214 1497 2288 est,

263 2332 327 2396 qua
349 2313 476 2378 ratione
498 2313 584 2379 inter
606 2320 736 2396 poetam
757 2315 863 2397 ipsum
897 2320 930 2378 et
959 2312 1240 2393 interlocutorem,
1269 2323 1307 2380 ut
1328 2316 1389 2380 hac
1420 2334 1498 2381 voce

262 2427 347 2500 utar,
369 2420 582 2505 dispertiendi
604 2422 689 2500 sint,
718 2423 868 2505 quaestio
897 2428 947 2486 est
975 2421 1174 2486 difficillima.
1222 2421 1294 2486 Iam
1320 2425 1498 2505 quaeritur,

262 2536 372 2594 utrum
394 2530 516 2612 primus
537 2551 665 2594 versus:
691 2529 736 2609 „0
751 2530 1037 2594 curashominum!
1059 2537 1251 2613 oquantum
1274 2533 1378 2596 estin
1400 2533 1497 2597 rebeus

261 2636 390 2701 inane!“
414 2637 526 2701 Persio
549 2638 593 2702 sit
615 2638 807 2704 tribuendus
829 2638 1117 2703 aniuterlooutori.
1139 2638 1299 2703 Attamen
1309 2641 1497 2724 priusquam

262 2745 383 2810 dehac
406 2746 596 2829 quaestione
617 2746 773 2810 iudicium
795 2748 903 2811 facere
926 2767 1094 2825 conamur,
1121 2746 1372 2812 ad'universum
1394 2751 1497 2815 totius

261 2854 308 2918 rei
331 2854 529 2919 commodum
561 2856 699 2937 primum
727 2855 787 2919 hoc
816 2855 1003 2919 accuratius
1036 2854 1271 2937 dispiciendum
1304 2863 1370 2935 est,
1400 2878 1497 2939 quam

261 2972 412 3026 staturam
435 2963 567 3026 Persius
588 2963 855 3027 interlocutorem
876 2962 996 3026 habere
1018 2962 1169 3027 voluerit.

277 3066 282 3073 ”
324 3069 450 3145 'Quam
478 3071 622 3136 habeant
650 3071 826 3136 Persianae
855 3072 978 3135 satirae
1007 3091 1080 3134 eum
1107 3072 1214 3135 mimis
1237 3072 1498 3137 coniunctionem

260 3187 406 3259 nonest,
428 3179 513 3262 quod
535 3180 637 3246 altius
659 3199 828 3263 exponam.
870 3178 1006 3243 Iahnius
1029 3179 1114 3244 enim
1136 3177 1243 3262 (proli.
1265 3203 1296 3264 p.
1319 3181 1497 3266 ese—108.)

261 3286 299 3351 de
321 3287 382 3353 hae
403 3309 437 3353 re
458 3289 563 3352 fusius
585 3289 650 3351 iam
672 3286 842 3368 disseruit,
864 3286 935 3352 iure
964 3288 994 3351 ei
1016 3287 1179 3351 mimicam
1201 3294 1306 3354 artem
1327 3288 1430 3354 tribui
1451 3311 1497 3354 re-

261 3401 376 3480 cteque
398 3395 557 3462 traditum
578 3395 696 3476 videri,
718 3395 849 3476 docens,
872 3417 945 3459 eum
967 3396 1002 3460 in
1024 3395 1200 3480 Sophronis
1222 3397 1329 3461 mimis
1351 3397 1496 3463 studium

259 3505 422 3588 posuisse,
451 3505 544 3569 cuius
575 3504 839 3588 explanationem
867 3526 931 3568 non
960 3504 1055 3569 video
1077 3526 1136 3570 cur
1155 3508 1219 3570 non
1242 3506 1522 3589 comprobemus'

261 3611 353 3687 Quae
376 3635 469 3697 porro
493 3613 532 3678 de
554 3612 751 3696 disponendo
782 3612 912 3698 dialogo
942 3612 1055 3676 brevia
1086 3612 1254 3694 exhibeat,
1285 3635 1422 3698 quaeso,
1450 3616 1495 3679 vi·

179 3746 182 3753 ·
260 3719 345 3785 deas.
382 3716 509 3801 „Unum
532 3721 628 3801 addo,
649 3721 774 3804 inquit,
796 3719 870 3802 (loc.
895 3721 950 3786 cit.
971 3742 1002 3804 p.
1027 3720 1110 3800 107.)
1132 3720 1280 3785 Persiani
1303 3721 1425 3806 dialogi
1447 3744 1495 3786 ra-

259 3830 398 3909 tionem,
420 3850 504 3912 quae
527 3851 623 3913 saepe
645 3829 784 3893 obscura
805 3829 945 3910 videtur,
967 3828 1064 3893 facile
1087 3829 1243 3911 explicari
1265 3851 1372 3914 posse,
1396 3830 1423 3893 si
1446 3851 1495 3894 co·

259 3937 363 4022 gites,
392 3938 512 4003 satiras
535 3960 554 4002 a
577 3939 659 4002 scito
683 3936 823 4020 quodam
843 3937 966 4002 lectore
994 3944 1073 4020 apta
1101 3938 1190 4000 vocis
1217 3937 1438 4002 modulatione
1460 3946 1493 4003 et

259 4053 356 4129 gestu
377 4046 526 4125 recitari,
556 4067 618 4130 quo
642 4045 746 4109 omnis
767 4045 826 4109 illa
856 4045 1040 4111 obscuritas
1066 4047 1242 4111 euanescit.
1292 4046 1411 4130 Itaque
1432 4048 1493 4111 hac

258 4153 292 4216 in
314 4174 349 4216 re
371 4175 499 4236 quoque
521 4154 562 4218 ad
585 4155 698 4219 mimos
721 4154 857 4220 accedit·
907 4155 996 4219 Illud
1025 4157 1111 4219 enim
1140 4178 1203 4220 uon
1232 4161 1341 4239 potest
1369 4156 1492 4241 neg'ari,

257 4259 406 4326 Persium
428 4264 571 4327 omnium
593 4284 718 4327 summa
738 4263 896 4328 libertate
917 4264 951 4327 in
974 4263 1171 4355 disponendo
1194 4263 1323 4348 dialogo
1347 4265 1413 4344 uti,
1444 4264 1492 4329 ita

257 4376 297 4434 ut
317 4371 427 4452 prouti
448 4370 541 4437 lubet
563 4371 718 4436 adhibeat
748 4379 781 4437 et
803 4370 978 4456 abrumpat
1007 4378 1040 4436 et
1071 4380 1182 4455 aperte
1213 4373 1365 4437 eximiam
1395 4392 1492 4456 quan·

258 4477 332 4540 dano
354 4474 514 4543 recitandi
536 4486 640 4544 artem
661 4480 816 4562 postulet.
852 4477 949 4553 Quod
970 4483 1098 4544 onrniuo
1121 4481 1152 4542 iu
1176 4480 1393 4546 Romanorum
1417 4479 1514 4544 scri·

258 4586 324 4669 ptis
346 4584 563 4651 diiudicandis
584 4610 647 4653 non
670 4588 802 4652 videtur
822 4588 1070 4672 neglegendum,
1093 4609 1140 4668 ea,
1162 4594 1333 4673 postquam
1349 4589 1491 4653 invaluit

204 4732 207 4741 ·
257 4686 486 4761 recitationum
508 4718 593 4776 mos,
623 4696 665 4760 ad
687 4695 939 4780 praelegendum
968 4698 1172 4780 potissimum
1203 4718 1273 4760 esse
1302 4694 1509 4780 cornposita,¹
1572 4730 1576 4743 ι

274 4909 305 4977 *)
323 4910 430 4965 Ceteros
447 4910 526 4965 huius
543 4912 640 4966 satirae
658 4911 745 4980 loros,
769 4910 864 4967 ubido
890 4911 990 4982 dialogi
1013 4912 1200 4968 distributione
1224 4914 1361 4984 graviores
1385 4918 1491 4967 exstant
1526 4932 1532 4951 .›

323 5003 518 5057 controversiae
534 5002 629 5068 (veluti
648 5021 671 5057 v.
689 5004 852 5072 92.-106.l,
876 5004 923 5059 bic
937 5010 1076 5070 mactare,
1087 5005 1213 5073 spanum
1227 5003 1358 5068 spumam
1371 5005 1448 5045 mxc
1466 4997 1518 5040 cxx·

274 5164 276 5169 γ
294 5129 305 5157 ·,
319 5095 507 5168 conscriptum
527 5096 623 5152 vetuit.
855 5148 875 5171 Ι,
1122 5089 1124 5093 ‘
1376 5124 1380 5130 .
1549 5098 1559 5139 p
