3434 5659
504 1794 594 1905 ΙΠ.
663 1793 968 1932 Quassuonos
985 1906 988 1914 ,
1003 1794 1208 1906 cuncos.

695 2089 954 2172 Fasciculus
981 2088 1016 2173 Ι.

316 2346 378 2413 Vir
400 2347 608 2416 doctissimus
630 2347 667 2413 0.
678 2348 814 2416 Iahnius
836 2354 1036 2433 quantopere
1059 2349 1098 2413 de
1121 2349 1288 2415 codicibus
1310 2348 1475 2416 Persianis

233 2457 464 2541 comparandis,
482 2459 621 2523 meritus
642 2458 695 2537 sit,
716 2464 830 2523 notum
854 2465 914 2538 est,
937 2458 1030 2521 cuius
1052 2457 1221 2541 praeclara
1243 2456 1477 2545 dissertatione

232 2565 398 2647 omnibus,
421 2567 477 2649 qui
499 2567 869 2649 apparatum-criticum
891 2564 1083 2649 ampliorem
1104 2566 1306 2647 desiderant,
1328 2567 1399 2631 sine
1420 2566 1475 2631 du·

232 2673 289 2739 bio
311 2675 375 2740 erit
397 2675 608 2740 satisfactum
631 2673 739 2759 (proli.
762 2675 838 2739 inde
863 2696 882 2739 a
904 2697 934 2757 p.
959 2680 1028 2738 173.
1051 2696 1155 2757 usque
1177 2675 1218 2739 ad
1240 2674 1319 2757 tin).
1356 2674 1476 2759 Itaque

233 2802 340 2867 panca
369 2790 501 2851 tantum
529 2784 583 2848 hic
604 2783 684 2847 mihi
706 2782 949 2867 praemittenda
970 2792 1056 2849 sunt.
1101 2783 1225 2847 Summi
1250 2784 1406 2850 aestimat
1426 2805 1475 2849 co·

234 2890 657 2976 dicesMontepessulanum
678 2899 713 2957 et
731 2891 925 2972 Romanu-m,
949 2877 1087 2975 quornm
1109 2892 1248 2974 priorem
1271 2899 1351 2958 nota
1368 2891 1475 2976 ,Mp“,

234 3001 374 3067 alterum
397 3010 477 3068 nota
500 3001 620 3083 „Rom“
645 3000 854 3085 significavit.
903 2999 1029 3065 Eadem
1055 3005 1155 3083 atque
1176 3000 1201 3063 ii
1222 3001 1345 3067 fruitur
1365 3010 1475 3067 aucto·

230 3110 335 3178 ‘ritate
358 3109 479 3176 codicis
501 3110 706 3195 palimpsesti
728 3100 888 3175 Vaticani
908 3109 1129 3193 fragmentum
1152 3106 1267 3191 (Vct),
1290 3110 1324 3175 iu
1347 3130 1409 3192 quo
1431 3110 1475 3175 le·

233 3225 358 3302 guntur
378 3218 501 3284 satirae
523 3218 549 3282 Ι.
571 3239 655 3282 vers.
677 3223 840 3281 lta-103.
893 3216 1002 3284 Ceteri
1024 3237 1151 3298 onmes,
1181 3226 1342 3301 quantum
1363 3240 1403 3284 ex
1425 3241 1476 3285 ac·

234 3334 350 3393 curata
371 3328 614 3411 comparatione
635 3327 787 3411 intellegi
808 3336 933 3410 potest,
964 3348 1003 3391 ex
1025 3327 1133 3401 tribus
1154 3326 1222 3391 illis
1243 3336 1356 3394 aetate
1378 3331 1476 3395 maio·

234 3433 324 3500 ribus
344 3443 532 3501 manarunt.
583 3434 621 3498 In
645 3434 885 3501 constituendis
906 3436 1011 3520 igitm·
1035 3435 1233 3501 lectionibus
1255 3437 1391 3503 Iahnius
1412 3440 1475 3522 pri·

232 3564 305 3609 mus
326 3545 560 3611 auctoritatem
572 3544 768 3628 optimorum
791 3544 937 3609 codicum
959 3552 1093 3611 secutus
1115 3552 1245 3611 textum
1266 3546 1309 3611 ab
1331 3548 1475 3611 innume·

232 3651 331 3718 rabili
352 3652 542 3719 mendorum
563 3653 658 3736 copia
678 3653 844 3738 purgavit.
868 3651 932 3717 Sed
955 3653 1085 3720 etiamsi
1102 3653 1256 3720 lubenter
1276 3656 1475 3739 profitemur,

232 3760 324 3827 illius
345 3762 408 3827 viri
431 3761 470 3826 de
492 3760 585 3826 Persi
607 3762 720 3827 satiris
741 3762 944 3845 explicandis
965 3763 1083 3827 merita
1106 3784 1176 3827 esse
1196 3785 1338 3845 summa,
1364 3773 1475 3832 tamen

233 3869 408 3936 nonnullos
429 3869 580 3954 equidem
600 3871 712 3936 inveni
733 3871 831 3951 locos,
852 3872 887 3934 in
910 3871 1029 3954 quibus
1051 3871 1204 3938 alahuio
1227 3872 1385 3940 dissentio
1407 3876 1475 3958 qui·

233 3999 300 4061 que.
318 3978 409 4065 digni
432 4000 503 4044 csse
524 3979 605 4045 mihi
626 3978 796 4058 videntur,
819 3980 876 4062 qui
898 3980 1003 4044 fusius
1026 3979 1130 4045 denno
1151 3980 1369 4048 illustrentur.
1413 3981 1475 4047 Vc·

232 4109 305 4152 rum
327 4108 402 4153 cnm
422 4088 546 4154 limites
567 4088 665 4153 huius
687 4088 837 4171 opusculi
861 4090 986 4154 arctius
1000 4089 1067 4155 siut
1080 4091 1328 4175 circumscripti,
1349 4092 1474 4157 factum

233 4203 298 4277 est,
313 4202 354 4263 nt
375 4196 483 4262 altera
504 4197 758 4263 annotationum
773 4198 963 4262 criticorum
984 4206 1079 4281 parte
1102 4199 1135 4262 in
1157 4204 1324 4283 posterum
1344 4207 1474 4284 tempus

233 4304 340 4371 dilata
347 4305 401 4370 hic
415 4306 543 4390 prologi
564 4311 696 4371 tantum
709 4308 898 4390 satiraequs
912 4307 1018 4390 prima
1028 4307 1078 4371 ein
1097 4307 1216 4390 quibus
1231 4306 1351 4373 offendi
1364 4308 1475 4373 lectio·

232 4434 291 4479 nes
312 4415 499 4480 examinare
520 4416 692 4498 potuerint
736 4413 877 4480 Secutus
899 4437 970 4479 sum
992 4417 1167 4480 maximam
1188 4423 1315 4500 partem
1330 4414 1475 4482 0.Iabui

233 4520 409 4587 editionem
430 4523 595 4588 maiorem.
645 4521 711 4591 Sed
732 4530 843 4589 exstat
866 4525 966 4589 stiam
996 4525 1140 4589 ciusdem
1162 4527 1225 4590 viri
1247 4524 1348 4592 editio
1370 4528 1475 4593 minor

233 4627 354 4712 (Berol.
378 4629 497 4713 1867.),
520 4653 619 4714 quac,
641 4653 715 4697 cnm
738 4633 866 4716 aliquot
887 4635 921 4696 in
943 4634 1003 4698 illa
1025 4635 1091 4699 sint
1114 4635 1186 4715 loci,
1206 4635 1241 4698 in
1264 4634 1384 4719 quibus
1404 4637 1474 4719 ipsc

203 4778 206 4786 ·
231 4737 369 4805 Iahnius
397 4761 418 4806 a
445 4740 552 4824 priore
582 4742 749 4807 sententia
778 4743 811 4806 in
841 4742 963 4807 maiore
992 4742 1135 4808 editione
1166 4741 1245 4810 data
1278 4743 1475 4825 discesserit,

232 4847 312 4911 mihi
333 4869 398 4913 non
420 4869 553 4931 prorsus
574 4848 778 4936 neglegenda
800 4851 872 4914 visa
895 4861 954 4915 est.
986 4849 1081 4925 Quod
1098 4873 1312 4934 verocansaa
1334 4875 1392 4918 cnr
1406 4875 1474 4917 scn-

231 4956 373 5023 tontiam
394 4959 585 5039 mutaverit,
607 4981 672 5024 non
694 4958 833 5033 addidit,
856 4980 961 5042 neque
983 4959 1158 5024 illesiocoe
1175 4962 1279 5026 denuo
1294 4971 1475 5026 retractare

230 5048 383 5130 dubitavi
405 5084 589 5151 causasque
610 5066 784 5136 nonnullis
802 5067 922 5133 serbis
942 5088 1123 5151 exponere.
