3434 5659
818 474 1024 530 ...28-

139 642 152 683 ’ῑ
179 628 197 705 ’ξ
301 642 331 713 5,
355 642 417 713 12.)
440 644 589 711 secutus,
617 636 649 698 in
673 642 800 699 textum
823 634 966 717 recipere
989 656 1052 697 non
1075 632 1251 698 dubitarit.
1296 633 1454 715 Equidem
1477 646 1542 696 tar·

135 804 138 831 ζ
191 732 196 809 ἶ
301 742 375 809 dius
397 765 435 807 ac
457 743 605 821 cautius,
628 744 656 806 si
678 742 785 807 dicere
807 742 899 820 licet,
921 742 1039 806 vellem
1062 743 1290 825 processisset,
1312 763 1387 805 nam
1410 762 1543 824 prorsus

132 844 138 945 f
192 894 195 901 ·
300 850 415 918 Latini
436 853 594 916 seimonis
616 852 689 915 usui
712 852 796 915 hanc
819 850 994 915 dictionem
1016 871 1214 933 repugnare,
1244 851 1272 912 si
1296 850 1410 932 „quid‘¹
1435 849 1543 913 desen·

133 973 136 1040 ζ
193 998 195 1003 -
299 960 374 1026 dere
395 970 539 1039 tentem,
572 960 654 1025 nihil
675 960 781 1024 video.
835 958 928 1023 Duae
950 960 1035 1023 enim
1058 970 1193 1023 exstant
1215 958 1469 1041 explicationes:
1497 956 1543 1020 al-

133 1051 134 1068 *
299 1078 388 1148 tera,
421 1068 536 1152 „quid“
561 1069 612 1132 hic
636 1092 706 1133 esse
729 1091 785 1152 pro
811 1068 908 1151 „quid
930 1067 1176 1132 estdidicisse“
1198 1065 1321 1145 idest,
1345 1066 1462 1148 ,quale
1483 1086 1543 1129 seu

299 1177 508 1261 quantillum,
531 1198 628 1259 quam
641 1177 879 1261 pawipretii“;
902 1177 1007 1242 altera
1024 1176 1156 1259 ellipsin
1165 1188 1327 1254 statuens,
1342 1177 1450 1240 animo
1469 1195 1544 1258 sup-

300 1286 452 1369 plendum
476 1306 546 1350 esse
568 1285 663 1350 docet
689 1288 832 1364 „iuvat“.
886 1286 1134 1367 Utramcunque
1160 1284 1365 1363 obtinemus,
1398 1282 1545 1347 Graecos

298 1393 431 1459 Persius
453 1395 505 1458 hio
526 1395 678 1459 imitatus
701 1416 771 1459 esse
793 1394 935 1473 videtur,
956 1393 1044 1478 apud
1067 1415 1149 1476 quos
1170 1393 1227 1456 ille
1249 1415 1328 1457 usus
1343 1394 1546 1476 pronominis

297 1502 432 1568 relativi
455 1502 668 1567 creberrimus
691 1516 741 1567 est
765 1502 820 1585 (cf.
842 1502 1007 1567 Matthiae
1029 1512 1203 1588 grammat.
1226 1508 1255 1580 ς’.
1278 1509 1349 1565 48⁸.
1372 1524 1401 1584 p.
1426 1502 1544 1583 1084).

300 1610 417 1687 Locos,
441 1613 497 1695 qui
519 1612 763 1678 demonstrandi
787 1613 853 1675 vim
875 1612 1037 1692 habeant,
1066 1634 1084 1676 e
1105 1612 1236 1675 Latinis
1259 1610 1476 1694 scriptoribus
1497 1614 1545 1673 af-

298 1722 381 1785 serre
403 1720 533 1804 quidem
555 1743 619 1786 non
650 1741 837 1804 possumus,
867 1722 924 1784 sed
946 1719 1085 1798 similia,
1115 1720 1218 1785 veluti
1240 1718 1333 1784 Ovid.
1356 1728 1419 1784 art.
1441 1730 1544 1783 amat.

296 1827 323 1907 I'
346 1834 428 1892 Μ’
499 1912 604 1993 „Quis
627 1913 701 1993 su,
721 1912 896 1997 Pasiphae,
917 1916 1080 1997 oretisas
1101 1935 1227 1978 ΜΕΝ
1249 1915 1399 1977 V⁹⁸t⁰⁸³²“

380 2042 410 2084 v.
434 2028 483 2085 26.
509 2020 631 2086 Eadem
655 2023 783 2088 ratione
806 2030 907 2105 atque
929 2028 1019 2085 v.21.
1042 2030 1076 2087 et
1098 2022 1151 2085 hie
1172 2044 1285 2085 enans
1299 2021 1410 2085 Heinr.
1426 2021 1541 2097 ,.hinc“

296 2131 330 2194 in
353 2136 483 2195 textum
503 2131 619 2214 recipit
644 2140 759 2197 contra
781 2130 927 2209 codices,
949 2133 1005 2213 qui
1028 2132 1151 2196 habent
1178 2134 1271 2209 ..en·‘,
1294 2130 1392 2213 quod,
1414 2132 1478 2194 etsi
1501 2152 1540 2194 ex

296 2238 410 2321 aliqua
436 2244 531 2321 parte
559 2238 675 2303 durum
703 2236 831 2319 (Heinr.
855 2262 885 2323 p.
910 2240 974 2322 83.)
995 2261 1101 2323 neque
1124 2254 1190 2304 tarn
1216 2240 1387 2322 pulchrum
1410 2237 1542 2303 videtur

297 2369 394 2428 quam
417 2346 550 2413 Terenti
574 2356 606 2413 et
628 2348 747 2413 Horati
769 2347 866 2413 illud:
896 2349 989 2429 „hinc
1012 2348 1090 2412 illae
1112 2347 1299 2412 lacrimae!“
1325 2360 1433 2412 tamen
1458 2348 1542 2412 satis

294 2455 378 2520 bene
406 2455 563 2540 explicari
592 2463 711 2541 potest.
767 2457 847 2537 „Die
877 2457 995 2523 Worte
1022 2457 1114 2537 sind,
1145 2466 1182 2522 ut
1210 2456 1356 2521 Passow.
1385 2456 1431 2539 (p.
1454 2453 1543 2537 264.)

295 2572 384 2629 recte
415 2574 571 2645 annotat,
601 2567 662 2631 mit
691 2566 831 2633 bitterer
860 2568 967 2632 lronie
995 2567 1077 2631 tiber
1098 2568 1154 2630 des
1177 2565 1475 2648 Gelallsiicbtlings
1496 2565 1542 2629 al·

295 2672 395 2738 berne
416 2672 706 2760 Fmtschuldigung
727 2684 854 2761 gesagt.
902 2676 995 2741 Aber
1016 2677 1072 2741 des
1094 2676 1248 2741 Dichters
1270 2677 1355 2740 Zorn
1377 2674 1459 2737 tiber
1481 2674 1543 2738 das

257 2852 260 2859 ,
294 2780 496 2869 Unwr'irdige
518 2786 665 2869 gewinut
688 2786 772 2850 auch
794 2786 864 2849 hier
886 2786 1031 2869 sogleich
1054 2786 1105 2849 die
1122 2784 1297 2848 llberhaud
1311 2784 1376 2847 und
1399 2785 1544 2867 ecgiesst

133 2964 135 2977 Ι
295 2889 365 2955 sich
395 2892 428 2954 in
458 2892 518 2956 den
550 2893 724 2976 folgenden
754 2892 924 2958 Worten.“
981 2894 1145 2973 Eandem,
1181 2915 1278 2976 quam
1304 2893 1356 2955 hic
1381 2893 1544 2971 videmus,

133 3015 134 3034 ³
184 3078 186 3082 Ι
294 3000 431 3065 ironiam
457 3002 616 3083 particula
645 3003 722 3082 „en“
747 3003 873 3068 indicat
895 3004 928 3066 in
950 3003 1021 3066 luv.
1045 3015 1106 3067 sat.
1133 3004 1174 3071 ll,
1198 3010 1245 3063 'm
1272 3002 1328 3080 lX,
1352 3010 1400 3064 'ott

186 3092 188 3097 ⁵
381 3130 410 3171 v.
434 3116 482 3171 3⁶2.
514 3111 549 3172 ln
562 3110 655 3193 „llp“
681 3120 804 3177 exstat:
830 3112 1094 3195 „hyacinthinar·‘,
1116 3113 1148 3175 in
1165 3113 1302 3189 „llom“:
1329 3112 1542 3189 ,.iaeiutina‘“

294 3218 415 3301 duplici
442 3219 498 3297 „h“
528 3228 670 3284 extruso.
724 3220 911 3285 Deteriores
940 3221 1127 3303 discrepant
1159 3224 1244 3286 inter
1278 3221 1441 3299 ‚,iantina,
1471 3221 1543 3284 ian·

294 3326 405 3405 thina,
427 3328 689 3410 ametliystina“,
719 3330 842 3393 similes
865 3329 1033 3394 lectiones.
1086 3332 1119 3393 si
1146 3329 1399 3412 „lap-'acinthina“
1424 3329 1543 3411 proba-

294 3456 366 3499 mus
397 3436 613 3501 diticultatem
643 3448 713 3503 tum
743 3440 826 3503 satis
856 3460 1009 3524 magnam
1039 3440 1156 3503 exoriri
1188 3461 1238 3501 vv.
1263 3438 1313 3500 dd.
1336 3438 1482 3502 Passow.
1506 3446 1544 3503 et

294 3542 405 3609 Heinr.
429 3546 495 3610 iam
518 3546 679 3610 viderunt.
706 3548 818 3630 Atque
841 3548 952 3613 eodem
975 3547 1178 3612 referendum
1202 3547 1340 3623 videtur,
1362 3548 1542 3630 quodiam

293 3653 380 3718 inter
401 3664 529 3719 veteres
552 3655 704 3720 librarios
727 3657 877 3721 nonnulli
899 3664 1025 3721 textum
1050 3659 1227 3742 genuinum
1250 3664 1430 3720 mutarunt.
1459 3658 1542 3721 (Jon-

294 3762 382 3827 sulto
412 3764 496 3826 enirn
526 3763 603 3828 illas
631 3765 875 3830 emendationes
906 3765 1076 3845 „ianthina
1103 3778 1135 3829 et
1158 3765 1400 3846 amethystina“
1428 3765 1542 3831 factas

293 3894 363 3936 esse
386 3879 531 3957 apparet.
583 3873 770 3939 Difficultas
794 3885 903 3939 autem
927 3875 960 3937 in
984 3898 1021 3939 eo
1044 3874 1212 3951 consistit,
1247 3873 1330 3955 (prod
1354 3873 1542 3955 hyacinthi-

293 4002 354 4045 nus
384 3982 472 4046 solor
500 3982 561 4047 hoc
584 4004 647 4046 uno
671 3990 802 4047 tantum
826 3984 897 4048 loeo
921 3984 1068 4048 vestibus
1095 3982 1303 4046 adscribitur.
1362 3983 1542 4048 Praeterea

292 4089 404 4153 Heinr.
428 4112 624 4175 magnopere
647 4091 794 4171 dubitat,
816 4113 908 4171 rium,
931 4114 1004 4155 corun
1024 4091 1109 4155 Plin.
1135 4092 1234 4170 XXI,
1257 4100 1322 4170 sm,
1344 4091 1400 4154 ubi
1423 4091 1462 4154 <le
1489 4114 1542 4156 ve-

293 4198 457 4265 stimentis
479 4199 610 4284 longius
633 4201 777 4283 exponit,
799 4201 897 4264 huius
919 4202 1036 4265 coloris
1058 4223 1098 4264 ne
1121 4202 1318 4264 mentionem
1340 4201 1472 4283 quidem
1496 4206 1542 4265 fe-

293 4310 390 4388 cerit,
421 4311 473 4373 hic
503 4310 645 4374 vestium
675 4309 765 4374 color
794 4309 882 4393 apud
903 4309 1068 4374 Romanos
1091 4311 1220 4373 omnnio
1242 4310 1276 4371 in
1298 4310 1403 4391 pretio
1427 4312 1542 4389 fuerit,

293 4418 461 4484 contendit
483 4420 612 4503 potius,
646 4438 792 4483 crassum
815 4439 959 4501 pannum
982 4419 1043 4481 hoe
1071 4418 1176 4483 colore
1202 4420 1342 4482 tius-tum
1366 4419 1398 4480 in
1424 4416 1543 4483 Gallia

291 4532 371 4591 tunc
394 4528 590 4594 fabricatum
614 4548 703 4607 esse,
731 4548 793 4611 quo
817 4528 880 4591 nisi
903 4526 945 4590 ad
966 4547 1131 4591 servorum
1155 4538 1263 4591 restes
1285 4526 1453 4590 faciendas
1476 4528 1543 4593 Ro-

272 4635 372 4692 mani
388 4656 456 4698 non
483 4640 536 4701 usi
558 4639 636 4702 sint.
672 4636 802 4713 Quibus
825 4642 985 4719 quantum
1008 4636 1160 4718 ponderis
1182 4634 1392 4700 tribuendum
1414 4637 1470 4716 sit,
1495 4638 1543 4703 di-

248 4728 412 4799 iudicare
440 4763 510 4807 non
544 4748 668 4811 ausim.
727 4746 822 4816 Satis
853 4752 990 4813 constat
1017 4766 1056 4810 ea
1078 4750 1208 4823 aetate,
1233 4765 1300 4826 uua.
1318 4744 1486 4827 elegantia
1506 4753 1544 4811 et
