3434 5659
1370 316 1412 345 sn·

1372 375 1373 380 ¹
1423 379 1428 396 l

755 792 962 869 inps..

319 972 401 1038 Cum
422 973 504 1037 haec
526 980 614 1039 rec-te
637 995 671 1038 se
693 973 855 1052 habeant,
878 969 1049 1056 quaeritur
1069 970 1255 1057 praeterea,
1277 970 1356 1036 nuni
1378 960 1479 1037 verba

237 1103 320 1165 quae
352 1088 533 1164 sequuntur
562 1103 601 1146 ea
630 1082 774 1161 ratione,
812 1104 875 1164 qua
915 1082 993 1147 iecit
1024 1080 1163 1146 Oasaub.
1191 1086 1225 1146 et
1255 1080 1367 1145 Heiur.
1396 1080 1479 1145 bene

236 1190 304 1255 sint
334 1189 517 1273 dispertita.
569 1188 690 1254 Vocem
716 1190 869 1270 „uemo‘?“
901 1199 972 1256 tum
1001 1189 1114 1255 Persio
1143 1188 1285 1255 dandam
1313 1210 1383 1254 esse
1412 1189 1479 1253 iam

236 1299 360 1384 dialogi
384 1298 577 1364 vicissitudo
600 1299 738 1378 indicat,
762 1299 807 1375 id,
831 1298 916 1383 quod
939 1299 1118 1382 perspicuis
1142 1297 1250 1363 uerbis
1271 1305 1381 1363 monet
1402 1297 1479 1363 Pas·

236 1407 359 1472 aowius
382 1404 427 1491 (p.
452 1405 550 1489 241.):
596 1407 659 1485 „Es
688 1408 733 1472 ist
754 1408 826 1472 hier
846 1407 939 1473 nicht
961 1406 1187 1485 hinreicheud,
1216 1406 1277 1471 den
1311 1404 1392 1472 Sinu
1424 1407 1480 1471 der

237 1515 405 1580 einzelnen
427 1515 587 1582 Periodcn
610 1537 650 1580 zu
672 1515 972 1601 bertichsichtigen,
996 1515 1131 1580 sonderu
1156 1515 1240 1580 auch
1261 1513 1481 1600 ganz'besou·

237 1624 310 1689 ders
340 1624 391 1689 die
421 1624 497 1688 ldee
520 1624 583 1707 {der
614 1623 841 1688 Wochselredc
871 1645 910 1686 nu
933 1624 1104 1687 boachten.
1156 1624 1199 1689 So
1221 1631 1282 1708 gut
1305 1623 1373 1687 sich
1395 1622 1479 1687 auch

237 1732 295 1796 das
317 1754 420 1812 nemo,
443 1732 588 1796 hercule!
611 1733 719 1798 nemo!
742 1733 842 1796 allein
867 1733 1063 1812 batrachtet,
1085 1732 1273 1815 vereinigen
1288 1730 1395 1811 liesse,
1417 1732 1480 1795 wic

237 1840 321 1906 auch
344 1841 396 1904 die
419 1841 563 1907 altesten
584 1841 741 1906 Editoreu
766 1841 888 1925 gethan
912 1840 1035 1919 haben,
1065 1861 1100 1903 so
1124 1839 1232 1923 wenig
1257 1838 1388 1904 erlsubt
1411 1839 1479 1903 dies

237 1949 482 2035 dasfolgendc:
514 1949 576 2013 Vel
598 1949 661 2014 duo
683 1949 735 2013 uel
759 1970 869 2014 nemo.
899 1949 1039 2013 welches
1062 1947 1146 2013 daun
1170 1948 1255 2012 auch
1277 1970 1341 2013 von
1364 1946 1480 2012 derscl·

236 2058 430 2124 benPersou
454 2059 655 2143 gesprochen
677 2058 746 2121 sein
770 2058 891 2122 wiirde.
920 2057 1083 2121 Desshalb
1107 2078 1176 2120 war
1198 2056 1256 2121 das
1270 2056 1479 2122 letztenemo

235 2187 299 2232 von
328 2166 459 2231 hercule
488 2189 529 2231 zu
558 2166 696 2231 sondern
725 2166 791 2230 und
813 2166 863 2231 als
888 2166 993 2250 Frage
1017 2186 1057 2229 au
1078 2161 1304 2228 lreacichnen‘.“
1353 2164 1481 2230 Praete

235 2296 292 2339 rea
314 2275 341 2338 si
357 2275 619 2341 distributionem
644 2274 831 2340 (lasauboni
853 2276 1079 2359 praeferimus,
1101 2294 1332 2356 sensusaeque
1345 2271 1481 2356 pulcher

236 2382 407 2467 bonusque
430 2386 502 2463 erit,
526 2406 623 2467 quam
646 2385 683 2461 si,
706 2391 744 2448 ut
766 2383 972 2459 Passowius,
994 2382 1240 2447 interlocutorio
1262 2403 1316 2448 ore
1339 2381 1480 2447 alterum

239 2494 371 2572 „nemo“
396 2492 519 2558 dictum
544 2501 704 2577 putemus.
749 2493 899 2577 Namque
920 2493 1018 2577 fingit
1040 2496 1147 2575 poeta,
1169 2497 1208 2556 ut
1228 2503 1333 2573 supra·
1349 2489 1481 2575 longius

237 2602 463 2685 exposuimus,
494 2602 557 2666 sibi
581 2603 700 2666 sensim
723 2607 851 2666 tantum
877 2599 1081 2684 persuaderi,
1115 2620 1185 2664 sese
1208 2599 1350 2664 laborem
1373 2620 1481 2682 super·

236 2729 415 2774 vacaneum
439 2711 620 2793 suscepisse
642 2710 780 2774 necdum
801 2710 860 2774 illo
884 2718 1064 2788 momento,
1098 2729 1160 2792 quo
1184 2707 1405 2792 interrogandi
1429 2728 1481 2773 uo·

238 2837 306 2881 cem
331 2817 484 2897 „nemo‘?“
516 2817 648 2895 obiicit,
677 2817 769 2882 illius
801 2818 1062 2883 adhortationem
1095 2839 1199 2900 aequo
1229 2818 1337 2881 animo
1359 2816 1481 2900 accipit

237 2924 426 3007 dictumque
449 2927 628 2990 adversarii
652 2929 781 2991 ommno
804 2927 934 2991 credere
957 2927 1082 3010 nequit.
1125 2924 1208 2989 'lum
1233 2925 1377 3003 demum,
1408 2944 1480 2988 cum

238 3035 354 3112 tertio,
386 3034 472 3117 quod
501 3036 567 3098 iam
598 3035 649 3099 bis
678 3037 748 3100 sine
777 3057 896 3119 magno
920 3034 1038 3100 effectu
1063 3035 1234 3118 opprobrio
1257 3033 1369 3098 Persio
1392 3034 1480 3111 fecit,

240 3162 339 3224 quam
360 3143 645 3209 vehementissime.
667 3152 777 3227 potest
800 3144 1007 3208 adversarius
1030 3143 1160 3226 repetit.
1183 3150 1277 3226 poeta
1303 3144 1421 3221 animo,
1443 3154 1480 3207 ut

238 3251 285 3315 ita
309 3250 429 3329 dicam,
453 3252 542 3334 (nam
566 3253 655 3317 fictio
679 3251 753 3334 est)
776 3253 930 3335 concipit,
954 3252 1038 3334 quod
1061 3250 1253 3316 incredibile
1276 3260 1353 3315 ante
1375 3271 1482 3315 censer·

237 3358 306 3423 bat.
357 3357 462 3423 Simul
493 3382 568 3423 uero
599 3359 752 3444 superbia
784 3360 1009 3424 inflammatur
1037 3372 1137 3443 atque
1168 3359 1335 3424 iracundia
1366 3359 1483 3443 plenus

238 3466 415 3533 exclamat:
448 3468 577 3549 „Quare
585 3472 601 3533 ἱ)
632 3482 726 3553 turpe
749 3479 782 3533 et
805 3469 992 3532 miserabile
1015 3476 1081 3546 est,
1104 3470 1228 3551 scripta
1251 3490 1323 3531 moa
1344 3491 1362 3533 a
1384 3468 1482 3555 uolgo

237 3596 301 3639 non
323 3575 432 3659 legi?“
457 3576 615 3660 llquidem
640 3600 755 3661 sperno
779 3599 816 3641 ac
840 3577 983 3660 despicio
1007 3578 1150 3660 plebem,
1181 3598 1264 3659 quae
1293 3587 1367 3641 tarn·
1391 3576 1481 3641 rudis

237 3690 337 3767 atque
363 3685 491 3750 inculta
521 3695 588 3764 est,
625 3693 661 3749 ut
683 3687 820 3751 virtutis
842 3692 1019 3769 praecepta
1042 3685 1212 3770 delegere
1235 3685 1364 3768 quidem
1389 3685 1478 3751 velit.

235 3789 395 3856 Videmus
416 3794 537 3878 igitur,
560 3794 585 3856 si
611 3794 694 3857 hanc
718 3795 834 3858 seriem
857 3795 1095 3878 cogitationum
1119 3793 1384 3878 comprobamus,
1411 3815 1478 3858 ver-

236 3899 293 3963 ba:
324 3902 394 3980 „vel
418 3903 481 3967 duo
507 3902 555 3965 vel
581 3924 687 3980 uemo;
717 3911 812 3987 turpe
836 3914 868 3967 et
892 3902 1111 3967 miserabile!“
1136 3902 1363 3968 interlocutori
1387 3903 1479 3968 attri-

236 4006 375 4073 buamus
406 4031 537 4094 prorsus
571 4030 702 4075 necesse
739 4032 809 4074 esse
842 4020 942 4094 atque
971 4011 1030 4075 hoc
1062 4011 1191 4095 quidem
1221 4031 1335 4089 sensu,
1384 4032 1478 4094 quem

237 4117 359 4200 optime
381 4118 495 4202 lingua
519 4119 695 4183 vernacule
718 4121 765 4183 sic
787 4119 928 4184 reddidit
951 4120 1115 4183 Heinrich.
1139 4128 1183 4203 (p.
1210 4117 1285 4199 75.):
1333 4118 1479 4199 „Gleioh

237 4225 303 4288 viel
326 4226 365 4289 ob
389 4248 424 4289 es
446 4227 528 4289 zwei
550 4227 655 4306 lesen,
685 4227 763 4292 oder
787 4227 920 4305 Keincr;
952 4229 1021 4293 eins
1050 4229 1095 4293 ist
1124 4251 1158 4291 so
1182 4228 1387 4312 sohimpi'lich
1413 4229 1477 4293 und

237 4330 383 4418 klaglich
407 4336 469 4397 wic
492 4335 549 4399 dae
573 4332 729 4413 andere“,
758 4356 841 4417 quae
866 4336 1095 4421 brachylogia,
1126 4343 1162 4401 ut
1193 4338 1253 4401 hac
1285 4359 1362 4401 uoce
1393 4345 1478 4403 utar.

236 4462 380 4507 sermone
408 4442 558 4507 celeriter
584 4443 778 4527 procedente
805 4467 867 4508 non
893 4456 942 4509 cst
965 4446 1106 4530 ingrata.
1154 4446 1268 4530 ltaque
1292 4448 1319 4510 si
1343 4448 1415 4530 quis
1438 4467 1476 4514 ex

238 4569 288 4611 me
311 4552 457 4633 quaerit,
479 4560 586 4616 utram
611 4552 724 4616 harum
748 4553 1018 4618 distributionum
1042 4554 1270 4637 simpliciorem
1296 4564 1394 4638 atque
1418 4556 1479 4619 ole-

234 4659 417 4743 gantiorem
440 4661 624 4724 existimem
647 4682 732 4739 esse,
755 4661 861 4724 dicore
885 4662 970 4725 haud
995 4662 1164 4741 dubitabo,
1188 4685 1237 4725 me
1262 4663 1391 4746 quidem
1414 4685 1477 4728 om-

234 4767 312 4831 uino
335 4769 497 4850 praeferre
520 4789 600 4846 eam,
622 4790 720 4852 quam
742 4769 881 4853 protulit
905 4770 969 4833 iam
986 4770 1198 4835 (lasaubonus
1222 4793 1384 4855 quamque
1409 4794 1477 4855 per·

237 4875 426 4958 spicuitatis
449 4878 559 4962 gratia
581 4878 643 4941 huo
666 4880 815 4962 apposui:

238 5004 267 5045 v.
291 4989 318 5046 2.
342 4983 420 5048 Int:
467 4986 678 5070 „Quis'leget
702 4985 822 5050 haec?“

337 5090 442 5157 Pers:
467 5092 607 5178 ,liin’tu
627 5095 724 5162 istud
744 5093 834 5162 aiau
