3434 5659
758 464 1057 533 -26-,

242 626 339 694 tiatio
370 627 534 692 affirmans
563 649 606 691 an
628 648 747 713 rogans
776 626 838 691 hac
860 623 1026 691 sententia
1053 624 1270 690 contineatur.
1315 624 1426 690 Heinr.
1449 630 1484 691 et

241 736 300 801 alii
317 736 394 815 „ne“
408 757 466 819 pro
482 736 580 813 „nae“
604 735 748 818 positum
771 733 987 811 arbitrantur,
1009 734 1060 798 ita
1080 739 1118 799 ut
1140 754 1255 798 sensus
1264 734 1321 799 sit:
1347 733 1485 812 ,Wahr-

240 844 322 923 lich,
350 844 402 908 die
434 852 543 907 waren
575 845 615 906 im
646 842 787 923 Stande,
819 844 880 906 mir
905 878 938 888 -
966 841 1214 907 vor·auniehen!“
1259 842 1349 921 Alii,
1378 843 1485 909 veluti

169 950 171 955 ’
240 952 384 1018 Passow.
408 960 442 1016 et
467 952 576 1025 [ahn.,
605 952 665 1015 hoo
687 974 752 1017 nou
775 953 988 1031 affirmantis,
1017 950 1075 1015 sed
1104 951 1249 1016 verentis
1270 971 1341 1015 esse
1361 958 1484 1035 putant

240 1066 340 1144 atque
363 1067 440 1125 ante
465 1081 573 1124 vocem
600 1062 676 1139 ,‚ne“
702 1060 850 1144 ellipsin,
882 1068 918 1125 ut
941 1081 1018 1123 voce
1041 1066 1133 1137 utar,
1163 1059 1373 1125 statuendam
1402 1081 1483 1137 esse,

240 1169 273 1234 id
302 1168 388 1253 quod
413 1168 540 1245 Heium,
572 1170 649 1250 quia
679 1170 776 1233 huius
806 1172 852 1233 rei
884 1169 1067 1251 exemplum
1095 1190 1256 1250 nusquam
1286 1170 1485 1239 inveniatur,

238 1278 309 1343 fieri
340 1299 433 1361 posse
465 1279 595 1342 omnino
626 1284 735 1361 negat.
790 1278 948 1342 Attamen
980 1276 1019 1340 ad
1050 1278 1132 1341 hanc
1159 1298 1226 1340 rem
1260 1277 1350 1340 Iahn.
1378 1278 1484 1343 confe-

240 1386 374 1451 rendum
405 1408 477 1449 esse
507 1386 601 1450 docet
630 1387 775 1467 Madvig.
807 1386 849 1450 ad
872 1387 937 1451 (bc.
963 1386 1001 1450 de
1023 1387 1076 1449 fin.
1099 1385 1148 1463 V,
1170 1392 1206 1463 3,
1228 1392 1274 1463 8.,
1303 1386 1482 1451 dicentem:

241 1546 256 1576 „
273 1495 368 1576 „„sed
390 1514 447 1569 ne,
477 1495 553 1559 dum
576 1495 649 1558 hui(¹
673 1494 851 1576 obsequor,
879 1495 973 1559 uobis
996 1494 1153 1558 molestus
1175 1495 1295 1571 sin1““;
1324 1495 1380 1577 qui
1401 1495 1483 1559 haec

240 1606 306 1668 fere
329 1604 426 1681 dicit,
449 1625 511 1667 non
535 1603 682 1685 optantis
703 1602 764 1666 hoc
789 1610 840 1667 est
862 1610 895 1667 et
917 1605 1101 1686 precantis.
1131 1602 1187 1667 sed
1210 1604 1373 1682 verentis,
1395 1603 1483 1686 quod

239 1712 408 1777 insolitum
440 1733 509 1775 esse
540 1712 573 1773 in
606 1732 752 1775 sermone
785 1711 906 1776 Latino
936 1711 1067 1775 dicendi
1088 1733 1210 1796 genus,
1240 1718 1277 1776 ut
1300 1719 1377 1776 ante
1402 1712 1480 1791 „ne“

239 1819 371 1885 verendi
393 1820 592 1905 significatio
615 1827 824 1901 premeretur,
846 1820 950 1884 sensit
961 1819 1156 1897 Lambinus;
1178 1840 1238 1883 nec
1259 1820 1374 1899 habeo,
1397 1816 1482 1903 quod

238 1950 421 2013 comparem
444 1929 507 1992 nisi
530 1927 622 1991 Verr.
649 1927 795 2006 1V,r.=›.:
830 1950 911 2007 „„ne
932 1930 1033 2007 forte,
1056 1929 1132 1992 dum
1154 1928 1295 2011 publicis
1318 1928 1484 1993 mandatis
1538 1980 1544 1991 .

237 2038 378 2117 serviat,
406 2037 445 2100 de
477 2037 616 2119 privatis
645 2038 773 2100 iniuriis
800 2038 999 2115 reticeat““,
1027 2037 1084 2101 ubi
1106 2038 1166 2101 hoc
1189 2039 1236 2101 aie
1258 2036 1483 2121 superioribus

237 2145 446 2231 adiungitur,
476 2158 514 2209 ut
537 2145 616 2209 haec
639 2147 804 2209 sententia
827 2146 885 2209 sit:
920 2153 997 2225 „„ut
1019 2146 1195 2210 verendum
1218 2148 1279 2225 sit,
1307 2146 1412 2223 ne““,
1428 2144 1483 2207 vel

239 2254 392 2337 „„itaque
421 2253 598 2337 verendrun
627 2263 677 2316 est
710 2254 788 2315 ue““
808 2260 834 2315 “.
893 2253 1021 2327 Quibus
1051 2256 1208 2337 exemplis
1239 2256 1322 2320 satis
1356 2254 1485 2319 demon-

237 2364 336 2427 strari
372 2369 469 2445 puto,
504 2384 563 2426 nos
598 2363 738 2426 sermoni
772 2362 888 2427 batino
917 2362 1043 2426 nullam
1080 2365 1145 2427 viru
1182 2364 1317 2441 inferre,
1355 2364 1383 2426 si
1414 2380 1482 2425 ver·

236 2471 314 2535 bum
344 2470 477 2534 verendi
515 2479 593 2534 ante
624 2471 700 2548 „ne“
740 2470 899 2534 excidisse
935 2470 1042 2534 dicere
1078 2492 1246 2549 conemur,
1290 2472 1483 2556 praesertim

237 2600 311 2643 cum
344 2580 405 2643 hac
436 2578 565 2642 ratione
594 2580 718 2661 optima
750 2579 810 2643 loci
843 2581 1011 2644 sententia
1039 2580 1188 2644 exsistat.
1242 2581 1309 2660 „Ne
1331 2616 1371 2625 —-
1393 2602 1484 2664 prac-

235 2689 392 2754 tulerint“
425 2688 510 2751 enini
540 2686 686 2751 breviter
717 2688 860 2770 positum
890 2708 960 2751 esse
988 2687 1126 2752 Iahnius
1149 2687 1243 2753 docet
1271 2710 1328 2771 pro
1363 2710 1482 2771 „quare

241 2808 337 2881 turpe
375 2795 500 2879 putas?
544 2797 622 2878 quia
657 2796 836 2860 timendum
873 2795 947 2878 (vel
979 2797 1181 2873 cavendum)
1211 2798 1274 2876 sit,
1318 2818 1358 2859 ne
1388 2797 1481 2875 cet.“,

235 2906 333 2990 plane
368 2926 408 2968 ex
444 2904 575 2989 vulgari
612 2925 674 2968 usu
712 2904 878 2987 loquendi,
921 2912 959 2969 ut
993 2904 1108 2989 lingua
1143 2912 1256 2970 nostra
1286 2905 1481 2969 diceremus:

238 3013 417 3095 „Warum?
464 3013 547 3077 Dass
575 3011 683 3094 (odem
729 3013 833 3094 Weil)
862 3015 923 3076 mir
953 3021 1040 3078 etwa
1067 3015 1143 3097 jone
1173 3012 1234 3077 den
1263 3013 1375 3079 Labeo
1409 3036 1481 3103 vor-

235 3122 379 3209 adgen?“

319 3254 349 3295 v.
374 3238 402 3293 6.
435 3230 661 3311 „Examenve“
686 3251 727 3293 an
753 3230 992 3313 „examenque“
1016 3232 1050 3294 in
1072 3239 1201 3297 textum
1215 3233 1386 3316 recipiant,
1407 3232 1481 3296 hae-

236 3342 342 3405 sitant
364 3340 570 3423 interpretes.
613 3339 773 3422 Equidem
796 3340 926 3404 omnino
948 3340 1095 3422 praefero
1120 3340 1375 3424 „examenque“,
1397 3360 1481 3424 quae

235 3456 286 3515 est
317 3449 411 3532 „Mp“
445 3456 479 3513 et
510 3446 630 3528 „Rom“
662 3448 761 3512 lectio
792 3448 899 3531 (Iahn.
929 3448 962 3510 in
991 3446 1068 3513 edit.
1091 3450 1166 3514 mai.
1193 3424 1423 3530 .,exanienve“,
1444 3450 1479 3512 in

235 3559 311 3621 min.
337 3557 575 3639 ,‚examenque“
601 3556 764 3637 ennaea)
796 3556 1001 3638 alteramque
1031 3557 1165 3622 elisione
1186 3557 1304 3623 literae
1329 3560 1386 3640 „q“
1411 3578 1480 3640 per·

235 3687 344 3749 peram
369 3670 493 3730 tactam
515 3687 586 3729 esse
609 3687 666 3748 pro
690 3672 778 3729 certo
801 3664 916 3729 habeo.
960 3664 1121 3729 Nimirum
1146 3666 1233 3749 apud
1249 3666 1422 3730 Horatium
1446 3670 1480 3731 et

234 3774 425 3838 Iuvenalem
447 3774 545 3838 multi
567 3779 700 3838 exstant
723 3773 796 3853 loci,
818 3772 876 3835 ubi
897 3773 989 3857 legas
1013 3797 1094 3853 „non
1108 3810 1149 3817 -
1164 3775 1232 3855 ve“,
1255 3775 1324 3838 sive
1348 3794 1476 3854 „nec—

235 3884 292 3946 ve“
318 3881 409 3965 (Hor.
433 3890 495 3947 sat.
518 3882 552 3960 l,
574 3890 610 3962 4,
635 3889 681 3944 74.
714 3903 785 3964 epp.
807 3882 859 3961 ΙΙ,
883 3889 919 3961 1,
943 3886 990 3944 69.
1016 3889 1084 3944 122.
1106 3882 1139 3961 Ι,
1163 3891 1218 3962 18,
1243 3890 1290 3945 72.
1314 3904 1366 3946 ars
1389 3890 1475 3965 poet.

236 3997 304 4055 249.
327 3992 398 4055 Iuv.
422 3990 498 4071 XV,
522 3990 616 4071 125.),
636 3991 760 4073 hosque
782 3990 871 4055 locos
894 3991 1018 4055 secutis
1038 3991 1274 4074 interpretibus
1298 3992 1375 4071 „ve“
1400 3991 1475 4054 scri·

233 4100 310 4165 bere
334 4101 476 4183 placuit,
499 4106 536 4164 at
556 4099 636 4162 haec
659 4119 758 4163 eausa
781 4120 938 4164 essenon
961 4105 1086 4182 potest,
1117 4107 1155 4163 ut
1178 4106 1211 4163 et
1232 4099 1285 4162 hic
1309 4120 1476 4177 „examen-

234 4210 292 4273 ve“
323 4232 343 4274 a
371 4215 470 4293 poeta
499 4208 656 4291 scriptum
687 4229 756 4271 esse
787 4208 1031 4272 contendamus,
1096 4206 1245 4273 Secundo
1283 4206 1354 4272 loco
1389 4209 1475 4271 enim

234 4339 360 4401 semper
389 4318 554 4382 sententia
582 4318 653 4399 ipsa
682 4317 884 4399 respicienda
907 4323 966 4381 est.
1013 4316 1102 4379 Illud
1126 4318 1202 4397 „ve“
1227 4322 1337 4380 autem
1359 4318 1387 4379 si
1410 4325 1474 4381 sta-

233 4432 417 4506 tueremus,
440 4423 642 4510 ‚,castigare“
668 4425 733 4486 vim
755 4445 847 4488 suam
877 4425 1059 4510 corrigendi
1081 4446 1212 4508 prorsus
1234 4426 1401 4490 amitteret
1423 4447 1475 4489 nc·

234 4554 296 4617 que
319 4535 388 4597 ulla
410 4543 580 4617 praeterea
603 4533 691 4597 vocis
716 4532 936 4615 „improbum“
959 4533 1044 4598 ratio
1066 4533 1182 4597 habita
1201 4539 1295 4597 esset.
1339 4532 1475 4597 Senten-

147 4668 150 4675 .
230 4642 291 4716 tia,
324 4663 421 4721 qnam
445 4641 588 4705 Passow.
611 4644 656 4724 (p.
681 4640 766 4724 249.)
788 4642 956 4725 ingeniose
978 4662 1018 4705 ac
1044 4642 1175 4725 lougius
1197 4642 1364 4724 exposuit,
1392 4641 1474 4705 haec

202 4746 274 4797 ost:
290 4762 395 4817 „eum
419 4756 579 4831 corrupto
598 4750 749 4833 populus
771 4750 947 4817 Romanus
966 4748 1090 4815 iudicio
1110 4750 1169 4827 sit,
1187 4751 1219 4811 si
1239 4768 1338 4829 duem
1354 4748 1476 4813 artuic-
