3434 5659
912 474 1119 533 ...13-

393 657 458 721 qua
479 637 632 719 deinceps
653 634 804 700 dicturus
827 640 879 697 ost
900 632 1048 715 nihilque
1071 634 1161 697 aliud
1185 636 1266 701 fecit
1287 644 1404 719 poeta,
1434 654 1585 719 quamq

304 778 306 783 ·
391 745 487 812 initio
510 744 633 811 satirae
655 744 736 809 fecit
757 742 927 807 Iuvenalis
949 762 1077 823 quoque
1101 740 1178 821 (sat.
1200 742 1228 821 1,
1249 742 1314 825 85.)
1337 742 1472 809 dicens:

594 876 780 960 „Quidquid
802 881 910 961 agunt
930 874 1088 955 homines,
1108 881 1234 955 votum,
1254 875 1364 957 timor,
1385 876 1462 957 ira,
1485 874 1585 961 volup

594 982 735 1065 Gaudia,
756 984 934 1061 discursus,
956 984 1061 1048 nostri
1084 987 1135 1047 est
1157 984 1289 1071 farrago
1309 984 1453 1051 libelli'.“

475 1122 607 1205 Optime
629 1142 706 1205 ergo
727 1120 791 1183 huc
815 1118 957 1201 quadrat
979 1117 1062 1182 illud
1085 1118 1262 1183 satirarum
1284 1118 1420 1185 initium
1445 1138 1561 1203 neque
1581 1145 1585 1179 ι

282 1288 289 1315 ,-
390 1252 462 1296 sam
485 1230 535 1293 vel
559 1229 728 1294 minimam
750 1227 873 1305 habeo,
895 1248 953 1290 cur
973 1225 1061 1290 huno
1082 1247 1213 1290 versum
1242 1227 1437 1311 loquentem
1461 1228 1585 1295 faciam

276 1388 285 1403 .
391 1339 633 1405 terlocutorem.

475 1472 664 1558 Interroget
686 1474 827 1535 fortasse
850 1470 924 1552 quis
946 1468 1000 1549 (ut
1022 1466 1168 1533 Meister.
1192 1490 1222 1551 p.
1245 1466 1327 1551 tul,
1349 1490 1442 1553 quae
1471 1470 1523 1539 sit
1546 1470 1585 1537 oo'

390 1582 499 1648 rentia
520 1581 619 1646 huius
642 1578 857 1665 cogitationis
880 1598 953 1642 oum
975 1578 1017 1641 iis
1040 1596 1125 1659 quae
1147 1576 1351 1659 sequantur?
1376 1574 1459 1643 Hoc
1481 1578 1570 1645 milri

391 1692 462 1757 dem
493 1689 535 1756 ad
565 1686 824 1773 intellegendum
852 1685 939 1750 haud
972 1684 1104 1749 difficile
1134 1684 1274 1751 videtur.
1318 1684 1410 1751 'Pota
1434 1688 1534 1753 enim
1557 1708 1585 1755 er

224 1764 291 1871 ·''÷
393 1800 434 1865 ad
465 1799 529 1866 duo
561 1798 673 1883 capita
702 1803 754 1861 est
784 1792 964 1859 referenda.
1016 1793 1118 1858 Initio
1148 1793 1269 1877 capitis
1297 1794 1394 1877 primi
1420 1794 1570 1863 Persius

132 2274 189 2319 ure
211 2276 296 2322 con·

132 2364 296 2431 nterlocu¹

132 2470 212 2537 robis
233 2472 296 2539 vir

132 2599 188 2643 um
209 2578 294 2647 dial

134 2708 279 2771 xpressa

133 2794 199 2862 uia
227 2804 291 2865 et·

133 2904 219 2971 icem
241 2926 293 2993 ge

132 3012 159 3077 il
192 3021 242 3082 est
277 3034 292 3079 1

132 3120 290 3191 mltioolo

132 3228 162 3291 el
185 3232 292 3295 emnil

132 3337 191 3401 ium
214 3360 294 3423 repr

132 3464 228 3527 goras
259 3468 294 3511 cr

133 3549 156 3612 lc
178 3554 295 3640 propri

132 3666 269 3745 nuatur,

133 3768 295 3857 1t,dialofi

132 3875 242 3959 mulat,
265 3902 295 3945 ε’

133 4001 178 4047 ia
200 3986 295 4053 (licor

133 4110 187 4155 iem
210 4100 290 4161 tum

134 4198 169 4263 id
190 4202 225 4268 in
246 4213 295 4271 ta

133 4308 296 4379 aadmoc'

132 4437 224 4487 mona
253 4419 297 4489 al

133 4544 199 4609 que
228 4532 296 4597 mir

132 4653 261 4703 monem
284 4638 298 4701 ι’
388 4676 429 4735 J„

143 4742 281 4803 aromo]

393 1908 565 1975 consilium
582 1906 706 1991 cepisse
723 1904 806 1969 dicit
820 1904 965 1969 animum
980 1902 1021 1966 ad
1034 1903 1156 1967 satiras
1178 1900 1371 1986 pangendas
1381 1902 1578 1987 appellere.

393 2017 487 2103 genti
495 2015 581 2097 inde,
604 2036 668 2099 qna
680 2014 719 2079 de
727 2035 762 2078 re
779 2033 901 2077 vanum
913 2011 1002 2075 hunc
1014 2010 1159 2075 laborem
1177 2010 1370 2095 susceperit,
1379 2012 1585 2094 quonism

393 2126 425 2192 lo
435 2132 548 2191 tamen
556 2124 732 2210 legeretur,
745 2144 780 2187 se
789 2121 881 2206 volgi
888 2118 1047 2185 iudicium
1054 2140 1188 2203 prorsus
1194 2138 1346 2201 spernere
1354 2120 1585 2203 respondete

394 2232 575 2301 confirmat.
606 2230 758 2299 Alterum
780 2236 881 2315 caput
903 2250 943 2293 en
965 2228 1073 2313 priore
1094 2230 1244 2293 nescitur
1252 2227 1390 2310 eiusque
1400 2229 1584 2297 rationem

393 2345 496 2424 tinet,
518 2361 582 2427 quo
605 2340 709 2405 fusius
731 2339 883 2419 docetur,
905 2343 1012 2405 totam
1035 2337 1219 2404 studiorum
1239 2336 1407 2403 rationem
1430 2336 1571 2405 Romae

394 2458 597 2537 corruptam
628 2473 694 2515 non
723 2456 857 2535 poetas,
887 2468 953 2512 non
976 2452 1123 2512 oratores
1147 2468 1185 2511 eo
1207 2445 1318 2511 animo
1347 2444 1392 2510 ad
1421 2445 1585 2515 literar

395 2560 492 2642 dere,
514 2582 577 2645 quo
600 2559 744 2645 parsit,
772 2578 880 2641 neque
900 2557 1011 2620 minus
1032 2556 1178 2620 universi
1199 2552 1314 2639 populi
1334 2554 1474 2623 iudicia
1497 2579 1574 2625 ene

393 2690 497 2736 versa.
539 2668 585 2733 Et
605 2668 669 2733 hac
691 2666 885 2751 quaestione
908 2665 1063 2731 absoluta
1083 2664 1166 2731 nihil
1189 2662 1331 2747 deniquo
1357 2664 1508 2749 obstat,
1539 2688 1585 2753 qn

392 2798 456 2844 nus
476 2780 617 2863 primum
638 2796 769 2841 versum
792 2775 906 2841 demus
926 2772 1040 2839 Persio
1062 2772 1136 2857 ipsi.

476 2912 550 2977 Duo
581 2917 756 2995 sequentes
783 2929 900 2975 versus
934 2906 1164 2973 difficultatem
1199 2906 1446 2991 interpretibus
1486 2912 1585 2999 prael

394 3043 478 3107 quae
500 3020 642 3087 nondum
665 3020 775 3086 soluta
796 3026 848 3085 est
871 3038 978 3101 neque
1000 3037 1156 3100 unquam,
1179 3022 1340 3099 qnantum
1363 3020 1533 3101 equidem
1553 3022 1585 3087 vi

392 3151 525 3217 prorsus
553 3128 760 3195 dissolvetur.
809 3127 929 3193 Libros
957 3128 1199 3211 manuscriptos
1226 3124 1310 3191 nihil
1338 3126 1470 3195 auxilii
1492 3130 1585 3217 lricp

392 3239 470 3304 bere
492 3246 745 3304 consentaneum
770 3245 820 3302 est
842 3244 944 3320 atque
966 3234 1127 3300 editiones
1150 3241 1277 3299 veteres
1297 3233 1333 3299 in
1355 3238 1533 3319 ponendis
1553 3240 1585 3325 st

394 3354 566 3433 tantopere
588 3348 675 3412 inter
697 3366 731 3409 se
753 3345 957 3429 discrepant,
980 3352 1019 3411 ut
1039 3342 1167 3409 nullum
1190 3344 1258 3408 fere
1280 3344 1434 3411 fructum
1459 3368 1503 3414 ex
1526 3348 1570 3415 iis

395 3457 563 3540 cipiamus.
616 3454 690 3529 tlua
711 3476 746 3518 re
768 3454 896 3520 iactum
927 3462 999 3534 est,
1028 3458 1066 3517 ut
1096 3454 1312 3537 interpretum
1342 3474 1384 3517 ex
1417 3476 1486 3523 suo
1519 3460 1585 3544 quis

394 3565 525 3650 ingenio
555 3572 655 3645 atque
687 3563 838 3647 opinione
862 3563 901 3628 de
928 3561 1154 3627 distribuendo
1184 3560 1314 3647 dialogo
1342 3562 1521 3633 iudicium
1552 3568 1585 3635 lc

395 3681 532 3739 conatus
561 3672 606 3737 sit
634 3694 808 3754 omnesque
842 3672 875 3735 in
898 3671 1045 3735 diversas
1067 3672 1250 3737 sententias
1272 3668 1436 3741 abierint.
1491 3674 1585 3765 Deq

395 3784 506 3867 cipatu
530 3782 625 3863 quasi
649 3788 779 3846 certant
801 3782 890 3845 inter
912 3780 996 3845 alias
1019 3781 1205 3846 sententiae
1226 3778 1399 3862 Passowi,
1425 3804 1534 3869 quern
1555 3808 1585 3855 se

395 3898 450 3955 tur·
470 3890 624 3967 Iahnius,
648 3897 681 3954 ct
704 3888 901 3967 Oasauboni,
924 3911 944 3952 a
966 3890 1059 3953 cuius
1081 3896 1175 3973 parte
1197 3896 1267 3955 stat
1287 3888 1531 3965 Heinrichius.
1573 3894 1585 3965 i

396 4022 471 4064 vero
494 4022 552 4064 nos
576 3999 614 4062 de
638 4008 776 4082 utraque
799 3998 1000 4077 sentiamus,
1028 3998 1174 4064 breviter
1195 3998 1359 4081 dicemus,
1389 4010 1437 4071 ut
1470 4010 1585 4077 ration

395 4116 569 4191 utramque
592 4107 799 4172 firmantibus
820 4106 925 4171 libere
946 4106 1153 4191 ponderatis,
1176 4128 1260 4191 quae
1281 4108 1328 4175 sit
1349 4116 1585 4196 praeferendo

395 4218 602 4302 tellegamus.
644 4214 790 4283 Passowi
814 4214 1006 4282 distributio
1028 4215 1108 4280 haec
1131 4221 1194 4281 est:

494 4374 526 4415 v.
549 4360 576 4414 2.

395 4461 552 4525 interloc:
597 4460 697 4539 „tluis
719 4460 808 4544 leget
830 4460 952 4524 haec‘?“

394 4568 540 4633 Persius:
595 4566 730 4648 „Mintu
754 4569 844 4635 istud
866 4570 938 4635 ais?
962 4592 1055 4637 nemo
1079 4572 1244 4638 he1·cule!“

435 4676 552 4741 ter-loo:
589 4676 754 4757 .,Nemo‘?“
