3434 5659
784 506 990 568 ..14..

271 676 306 735 et
315 668 444 755 legendi
458 676 563 735 artem
586 691 710 735 summo
731 671 840 737 studio
864 692 934 735 esse
955 670 1119 736 excultam
1141 670 1194 735 vel
1215 673 1284 756 ipse
1298 668 1430 736 Persius
1452 667 1505 738 to-

271 783 334 858 cet,
358 778 411 862 qui
435 784 621 862 corruptam
643 777 930 862 effeminatamque
951 778 1125 846 lectionem
1147 779 1223 862 (sat.
1237 780 1263 860 I,
1286 787 1335 844 32.
1351 779 1413 864 sq.)
1434 802 1505 865 per,

270 886 434 972 stringit.“
485 886 536 950 Ex
556 887 615 967 iis,
645 907 729 970 quae
751 887 804 951 hic
826 887 996 970 disputata
1017 895 1113 969 sunt,
1142 894 1295 972 apparet,
1321 910 1386 953 non
1408 909 1502 973 posse

268 992 380 1085 Persio
403 993 574 1078 opprobrio
596 995 683 1075 fieri,
706 995 807 1078 quod,
830 1002 868 1061 ut
890 995 949 1060 alii
971 997 1187 1078 contendunt,
1212 997 1334 1083 dialogi
1355 998 1501 1081 personis

267 1101 439 1169 obscuram
461 1102 623 1185 quandam
641 1101 768 1169 dederit
789 1098 938 1188 speciem,
961 1105 1111 1187 quodque
1127 1112 1335 1185 evanescant,
1355 1104 1502 1170 simulat·

267 1231 330 1295 que
350 1211 385 1275 in
407 1211 549 1275 medium
569 1210 758 1295 prodierint.
810 1211 941 1295 Optime
970 1214 1056 1277 enim
1085 1212 1215 1278 diversa
1241 1213 1331 1278 vocis
1358 1211 1501 1277 modula·

266 1320 356 1385 tione
379 1340 476 1402 quam
498 1340 597 1402 supra
619 1320 718 1403 attigi
740 1339 898 1403 personae
920 1319 1226 1406 distinguebantur,
1255 1327 1355 1404 atque
1376 1321 1405 1385 si
1427 1321 1500 1403 quis

265 1427 429 1493 hominem
459 1426 618 1493 eiusmodi
646 1427 866 1493 recitationis·
881 1428 1114 1512 peritissimum
1148 1430 1348 1511 satiramque
1380 1434 1418 1492 ut
1445 1450 1499 1493 no·

265 1542 367 1601 stram
388 1535 473 1600 haue
494 1536 827 1620 praelegentem.ipse
849 1534 1016 1617 audiebat,
1036 1538 1065 1602 is
1087 1536 1169 1600 nihil
1190 1543 1278 1603 certe
1298 1556 1358 1601 nec
1379 1537 1499 1620 perspi·

264 1645 401 1710 enitatis
422 1664 482 1709 nec
499 1644 688 1730 elegantiae
709 1645 745 1709 in
766 1643 890 1729 dialogi
911 1665 1121 1729 personarum
1145 1667 1204 1711 usu
1225 1645 1442 1711 desiderabat.

346 1750 439 1827 Quae
461 1772 535 1816 oum
555 1753 605 1817 ita
626 1752 709 1832 sint,
731 1752 838 1816 minus
861 1754 962 1819 etiam
983 1753 1174 1818 mirabimur
1194 1754 1383 1833 discrimen,
1412 1753 1498 1836 quod
1569 1735 1571 1739 ⁸

261 1861 402 1926 interest
430 1861 519 1926 inter
546 1859 664 1926 Horati
695 1881 777 1943 quas
806 1860 870 1925 sibi
899 1861 995 1927 fiuxit
1022 1883 1176 1946 personas
1206 1867 1240 1926 et
1261 1861 1353 1925 Persi
1374 1861 1496 1926 Flacci.

262 1968 420 2034 Horatius
442 1969 528 2032 enim
550 1968 681 2054 dialogo
703 1990 768 2034 non
789 1970 897 2035 utitur
917 1969 983 2035 uisi
1004 1991 1040 2035 eo
1062 1969 1184 2053 ubique
1198 1969 1343 2048 oonsilio,
1364 1970 1496 2053 utquid

261 2077 331 2160 ipse
346 2064 477 2142 'sentiat
499 2077 688 2159 animosque
710 2076 800 2162 volgi
823 2077 938 2143 docere
958 2078 1057 2158 uelit,
1086 2078 1146 2142 hoc
1176 2078 1334 2143 orationis
1356 2078 1495 2143 artificio

261 2186 354 2249 tenui
374 2185 598 2252 multitudinis
619 2185 750 2269 ingenio
771 2186 822 2250 ita
844 2186 1074 2266 accommodet,
1096 2207 1158 2269 quo
1175 2185 1306 2250 facilius
1328 2191 1428 2268 atque
1450 2205 1498 2250 ce·

260 2294 361 2371 larius
382 2295 565 2378 perspicere
586 2295 722 2378 possint.
753 2293 816 2374 „Er
836 2294 920 2360 latest
942 2295 1030 2358 scine
1051 2293 1151 2357 Leser
1172 2292 1255 2358 nach
1277 2293 1499 2359 sokratisoher
1530 2293 1533 2301 '

260 2400 334 2483 Art,
355 2403 418 2466 wie
440 2404 523 2468 ohne
544 2403 614 2467 sein
636 2403 965 2488 sigenesDazuthun,
987 2402 1159 2467 scheinbar
1171 2402 1272 2469 durch
1293 2402 1363 2467 sich
1384 2402 1497 2484 selbst,

260 2511 294 2574 in
316 2510 367 2575 die
389 2511 504 2576 Tiefen
533 2512 620 2576 ihrer
640 2511 743 2578 Brust
771 2511 841 2576 sich
870 2510 1109 2585 zurtickfiihren
1136 2511 1204 2576 und
1232 2510 1278 2576 sie
1301 2510 1404 2576 selbst
1426 2510 1495 2575 sich

258 2619 310 2683 ihr
330 2619 461 2685 Urtheil
482 2620 666 2703 sprechen.“
699 2619 858 2700 (Passow.
879 2640 910 2704 p.
934 2618 1027 2704 238).

341 2727 453 2813 Longe
483 2728 582 2794 aliter
608 2727 751 2792 Persius.
808 2729 881 2792 Non
911 2729 1157 2812 perspicuitatis
1185 2729 1294 2815 gratia
1323 2747 1493 2811 personam

259 2834 422 2919 quandam
443 2836 507 2900 sibi
528 2835 611 2901 facit
641 2844 874 2920 opponentem,
907 2836 1176 2920 quemadmodum
1204 2835 1290 2921 apud
1318 2835 1492 2901 Horatium
1584 2846 1585 2852 ’

258 2943 416 3024 vidimus,
445 2949 594 3010 attamen
614 2945 724 3029 ipsum
745 2946 856 3028 potius
878 2945 1093 3025 eontrarium,
1120 2951 1158 3010 ut
1179 2945 1229 3010 ita
1250 2943 1372 3025 dicam,
1398 2964 1492 3029 appe·

256 3058 331 3118 tens
352 3052 619 3118 interlocutorem
647 3059 780 3137 repente
802 3058 902 3136 atque
923 3053 1098 3137 improviso
1119 3052 1270 3137 producit
1295 3052 1331 3118 in
1351 3052 1492 3117 mediam

256 3180 396 3241 scenam,
418 3167 457 3227 ut
478 3163 557 3245 ipse,
578 3179 683 3246 neque
705 3182 782 3227 vero
803 3162 1029 3242 interlocutor,
1050 3160 1251 3226 vociferandi
1272 3161 1421 3225 inveniat
1442 3181 1491 3226 oc·

257 3269 429 3334 cesionem.
479 3269 613 3334 Persius
642 3278 745 3336 semet
774 3271 843 3354 ipse
874 3276 1119 3355 repraesentare
1140 3270 1275 3335 viltutis
1296 3270 1489 3355 magistrum

254 3375 337 3456 vult,
359 3377 429 3460 ipse
451 3376 555 3457 docet,
578 3377 655 3461 qnid
676 3385 812 3460 rectum,
834 3378 911 3463 quid
925 3400 1037 3442 verum
1059 3379 1117 3458 sit;
1139 3378 1489 3460 interlocutorcontra,

255 3484 283 3548 si
305 3504 492 3570 comparare
512 3485 610 3566 licet,
632 3487 727 3569 quasi
748 3492 859 3570 partes
881 3487 953 3571 agit
974 3486 1189 3571 gladiatoris,
1212 3487 1268 3569 qui
1289 3486 1488 3570 simulatque

253 3593 307 3656 vel
328 3594 497 3658 minimum
516 3594 552 3663 in
574 3593 753 3660 exercenda
774 3616 834 3660 sua
866 3601 938 3660 arte
967 3601 1138 3679 peccatum
1169 3593 1347 3673 commisit,
1375 3593 1487 3660 eodem

253 3703 320 3766 fere
348 3703 504 3787 temporis
532 3705 694 3769 momento
723 3704 856 3788 flagello
885 3704 1028 3769 lanistae
1055 3703 1256 3769 verberatur.
1302 3701 1389 3766 Nam
1412 3723 1487 3785 quo·

252 3809 443 3894 tiescunque
465 3812 605 3877 errantis
627 3811 850 3877 multitudinis
871 3813 976 3877 vicem
1002 3833 1117 3896 gerens
1140 3810 1231 3893 („der
1251 3811 1486 3896 personificirte

250 3916 448 4003 Zeitgeist“)
469 3940 576 4004 pauca
597 3926 728 3986 tantum
750 3920 956 4003 obloquitur,
985 3918 1098 3987 statim
1127 3926 1283 3985 renovato
1314 3920 1408 4005 quasi
1428 3920 1485 3983 im·

251 4032 331 4109 petu
351 4029 486 4112 gravius
508 4048 548 4092 ae
568 4028 792 4094 vehementius
820 4030 855 4091 in
885 4029 972 4092 hunc
1000 4029 1154 4093 miserum
1181 4034 1280 4113 poeta
1307 4028 1482 4094 invehitur.

251 4132 358 4209 Quam
380 4135 500 4202 diversi
521 4143 633 4202 autem
654 4139 782 4223 generis
803 4137 867 4202 iste
890 4158 978 4202 error
999 4144 1065 4217 est,
1094 4144 1163 4202 tam
1192 4135 1354 4201 diversam
1382 4134 1482 4200 etiam

250 4241 357 4319 induit
378 4243 595 4310 interlocutor
615 4253 781 4326 naturam,
802 4247 852 4311 ita
873 4253 912 4312 ut
933 4266 973 4311 ne
995 4244 1121 4311 duobus
1144 4245 1275 4328 quidem
1287 4244 1375 4310 'locis
1397 4245 1481 4309 idem

251 4351 473 4417 contradicere
483 4353 644 4441 videatur.
673 4353 812 4419 Causam
824 4355 929 4439 igitur
937 4355 1170 4439 intellegimus,
1185 4353 1343 4438 quomodo
1356 4354 1481 4420 factum

249 4458 303 4539 sit,
325 4466 363 4524 ut
384 4459 534 4527 Persiani
554 4461 805 4527 interlocutores
826 4463 919 4529 modo
941 4464 1025 4528 hano
1047 4462 1141 4528 modo
1163 4463 1255 4527 illam
1275 4463 1362 4528 inter
1382 4482 1417 4527 se
1436 4462 1481 4527 di·

248 4568 468 4634 versissimam
489 4571 630 4654 speciem
651 4577 869 4652 assumerent,
900 4593 1005 4655 neque
1032 4573 1103 4637 iure
1130 4572 1238 4638 virum
1258 4571 1480 4637 doctissimum

238 4668 369 4773 Isenffbl.
397 4675 531 4751 („Stnd
553 4699 587 4753 p.
613 4678 708 4745 Oliar.
735 4701 768 4764 p.
791 4676 898 4764 408.“)
917 4686 986 4745 tam
1015 4700 1126 4746 severe
1155 4681 1239 4746 hanc
1266 4688 1383 4765 poetae
1410 4700 1480 4765 pro·

218 4768 390 4831 &etatem
418 4779 615 4861 vituperare
633 4807 699 4872 pro
723 4797 816 4859 certo
839 4790 1013 4861 habemus.
1063 4791 1182 4877 Neque
1200 4791 1326 4858 maiore
1341 4790 1414 4855 iure
1430 4808 1483 4852 ue
