3434 5659
773 443 960 500 ..6-

252 602 440 668 inehoatum
461 609 591 686 poetam
613 602 703 667 dieas
725 607 849 669 utnon
871 603 1003 687 penitus
1024 599 1228 681 α’νείςακτον,
1257 604 1308 670 ita
1334 606 1489 673 assisten-

252 720 320 778 tem
341 711 446 776 adhuc
468 711 502 774 in
525 709 670 789 eortina,
696 717 730 775 et
751 717 885 776 tantum
912 707 1093 803 dagob-sysig
1122 707 1297 792 ἁψάμενον
1319 712 1489 798 10111οβ1,-

251 842 312 892 τος.
368 818 460 894 Quae
488 817 649 883 modestia
679 819 888 903 arrogantiae
921 822 1094 903 poetarum
1122 822 1407 896 μουσοπατάκτωι·
1436 823 1489 886 sui

251 927 407 1011 temporis
429 925 561 991 satiriee
584 927 786 1009 opponitur.“
839 925 904 992 Sed
933 926 1153 993 desideramus
1182 928 1217 991 in
1246 927 1315 1009 his,
1348 951 1431 1013 quae
1452 931 1486 996 in

251 1036 438 1101 universum
466 1033 614 1118 placent,
643 1034 896 1119 explicationem
924 1036 1028 1120 ipsius
1058 1035 1148 1102 voois
1178 1037 1439 1123 „semipagani“,
1468 1061 1489 1102 a

252 1145 344 1209 cuius
354 1142 510 1227 primaria
519 1142 759 1228 significatione
781 1144 1025 1227 proficiscamur
1045 1163 1177 1209 neeesse
1199 1145 1339 1211 videtur.
1375 1145 1488 1213 Heinr.

252 1250 297 1336 (p.
322 1248 384 1333 70.)
407 1251 551 1334 explieat
572 1251 634 1316 ita:
667 1251 813 1339 „Pagus,
840 1250 892 1316 die
912 1250 1027 1344 Heide,
1048 1251 1132 1325 wird
1153 1252 1331 1338 eigentlich
1353 1252 1405 1317 die
1427 1252 1490 1321 Ge·

251 1359 484 1446 gendItaliens
505 1365 661 1444 genennt,
683 1358 806 1423 welohe
828 1359 1020 1427 ausserhalb
1043 1359 1100 1425 der
1120 1360 1279 1427 ndohsten
1290 1360 1489 1447 Umgebung

250 1466 360 1533 Rom’s
381 1468 479 1553 liegt;
507 1468 643 1552 pagani,
666 1466 717 1530 die
739 1467 921 1533 Bewohner
943 1449 1000 1532 des
1020 1489 1141 1553 pagus,
1162 1468 1345 1555 generaller
1366 1469 1416 1535 als
1437 1491 1488 1535 ru·

250 1579 335 1658 stiei,
356 1576 532 1643 besonders
552 1578 598 1640 im
619 1575 806 1662 Gegensata
827 1597 887 1641 aur
907 1575 1125 1669 bewaiineten
1145 1576 1261 1647 Maoht
1283 1625 1290 1641 .
1314 1626 1321 1640 .
1344 1627 1351 1641 .
1375 1627 1382 1641 .
1423 1577 1487 1642 Die

249 1687 371 1774 pagani
393 1708 503 1752 waren
525 1686 622 1752 meist
643 1668 730 1765 robe,
751 1684 977 1769 ungebildete,
997 1684 1090 1751 nieht
1111 1683 1235 1749 urbane
1256 1685 1370 1752 Leute.
1411 1685 1488 1751 Per-

249 1798 317 1860 sius
350 1802 452 1860 nennt
481 1795 551 1859 siah
573 1794 666 1858 einen
690 1794 921 1877 semipaganns
942 1793 988 1856 im
1010 1790 1198 1885 Gegeusata
1220 1814 1262 1857 zu
1284 1793 1346 1858 den
1370 1793 1487 1880 vielge·

248 1906 419 1990 priesenen
439 1903 608 1982 Diohtern,
631 1901 683 1966 die
705 1901 775 1965 sieh
796 1923 894 1986 sogar
915 1906 1009 1967 vates
1029 1899 1205 1995 napnten.“
1249 1900 1361 1965 Heinr.
1383 1902 1487 1986 igitur

250 2012 495 2097 semipaganum
518 2010 757 2093 simplicissime
781 2009 905 2093 aooipit
925 2030 983 2092 pro
999 2008 1216 2088 semirustieo,
1237 2014 1277 2073 ut
1289 2008 1388 2075 uerbo
1401 2015 1487 2090 utar,

248 2141 354 2204 neque
375 2119 484 2198 videt,
513 2119 598 2183 hano
628 2138 739 2183 vooem
768 2140 833 2183 non
861 2116 966 2182 solum
994 2137 1052 2201 per
1074 2137 1108 2179 se
1130 2136 1200 2180 esse
1221 2116 1487 2203 intellegendam,

249 2229 305 2292 sed
335 2228 445 2312 potius
473 2226 675 2291 referendam
705 2227 805 2291 etiam
827 2225 869 2289 ad
890 2224 992 2291 verba
1024 2244 1136 2307 „saera
1165 2224 1320 2304 vatum“,
1351 2225 1487 2308 quodsi

248 2337 381 2416 feceris,
411 2335 515 2401 multo
537 2333 737 2421 ingeniosior
758 2334 880 2401 existet
901 2333 1096 2418 explicatio,
1118 2353 1216 2416 quam
1238 2333 1371 2400 exhibet
1392 2334 1485 2400 Iahn.

249 2444 297 2510 ed.
319 2444 395 2509 11101.
418 2465 447 2527 p.
466 2441 546 2526 76.);

245 2540 266 2631 ι’
333 2552 479 2637 „Pagani
500 2551 663 2632 dicuntur,
686 2551 742 2634 qui
765 2549 909 2615 eiusdem
932 2551 1011 2635 pagi
1033 2554 1124 2615 sunt:
1146 2550 1182 2615 hi
1203 2571 1279 2617 vero
1303 2553 1487 2619 eommunia

248 2660 372 2726 habent
393 2680 495 2740 saera,
518 2680 654 2742 quorum
674 2659 798 2745 insigni
818 2659 947 2724 ratione
969 2659 1092 2726 mentio
1114 2659 1154 2725 fit
1172 2660 1259 2745 apud
1269 2660 1366 2747 Dion.
1377 2661 1485 2727 Halia.

247 2769 298 2833 IV
308 2819 315 2850 ,
338 2774 385 2833 15.
416 2774 449 2834 ot
471 2768 557 2852 apud
579 2767 672 2832 Ovid.
694 2769 771 2832 fast.
792 2769 825 2847 I,
850 2774 920 2831 669.
974 2766 1039 2842 Qui
1069 2786 1146 2857 ergo
1176 2767 1246 2833 ueri
1275 2775 1393 2853 poetae
1422 2771 1486 2836 sibi

248 2878 410 2956 videntur,
433 2878 457 2941 ii
478 2885 517 2943 ut
538 2878 660 2963 pagani
682 2877 866 2941 eommunia
887 2896 981 2941 saara
1008 2860 1193 2957 celebrant,
1226 2877 1346 2961 quibus
1375 2901 1410 2943 se
1439 2887 1486 2946 to·

248 2993 319 3052 tum
348 2986 479 3051 Persius
508 2986 719 3051 adnumerare
740 3009 805 3050 11011
826 2984 943 3065 audet,
973 2983 1016 3049 ad
1040 2985 1129 3050 vatis
1156 2991 1189 3053 et
1209 2992 1328 3073 poetae
1348 2988 1486 3070 persenti

248 3115 364 3160 nomen
384 3094 648 3179 haudquaquam
660 3093 859 3177 adspirans.“
887 3092 997 3159 Multa
1017 3092 1122 3178 igitur
1142 3094 1292 3185 irrisione
1314 3095 1366 3161 hie
1387 3103 1486 3180 poeta

248 3203 287 3268 de
309 3203 434 3286 seipse
456 3201 558 3282 dixit,
588 3202 700 3291 qualia
729 3202 828 3267 etiam
857 3201 936 3267 Hor.
965 3208 1027 3268 sat.
1049 3201 1085 3283 I,
1104 3210 1143 3283 4,
1164 3209 1213 3269 39.
1237 3202 1276 3271 de
1298 3225 1356 3273 suo
1378 3207 1486 3297 poesis

248 3332 365 3396 genere
386 3312 627 3396 pronuntiavit:

449 3419 613 3500 „Primum
634 3441 694 3505 ego
716 3441 767 3483 me
788 3418 933 3499 illorum,
960 3418 1102 3485 dederim
1125 3419 1244 3503 quibus
1267 3432 1346 3497 esse
1358 3428 1484 3506 poetas,

466 3529 646 3612 Excerpam
669 3549 815 3607 numero,
838 3549 943 3611 neque
966 3528 1051 3593 enim
1074 3528 1264 3594 oonoludere
1285 3550 1416 3594 versum

467 3638 598 3701 Dixeris
621 3658 690 3702 esse
713 3636 810 3715 satis3
832 3657 947 3719 neque,
970 3636 998 3700 si
1020 3636 1093 3719 quis
1115 3637 1240 3703 scribat
1262 3639 1312 3703 uti
1334 3660 1394 3705 nos

422 3726 426 3737 ¹
467 3745 614 3811 Sermoni
636 3746 796 3830 propiora,
817 3750 915 3828 putes
936 3743 1023 3809 hune
1045 3765 1115 3809 esse
1136 3744 1294 3830 poetam.“

331 3854 480 3920 Alterius
501 3855 567 3918 iam
588 3854 713 3939 prologi
736 3853 841 3938 partis
864 3859 1093 3939 argumentum
1113 3852 1174 3918 hoo
1197 3860 1260 3920 est:
1285 3855 1393 3935 „Fieri
1414 3862 1484 3941 pot-

249 3972 315 4043 est,
337 3970 435 4048 poeta
456 3965 581 4047 inquit,
603 3962 872 4046 quemadmodum
894 3981 973 4027 usus
995 3961 1106 4041 docet,
1134 3966 1172 4028 ut
1194 3961 1315 4049 aliquis
1338 3964 1485 4029 earmina

249 4071 372 4138 scribat
393 4072 490 4157 longe
524 4071 590 4136 alia
618 4092 653 4135 re
682 4092 780 4154 quam
802 4091 822 4134 a
843 4071 945 4137 musis
970 4070 1163 4150 instinctum
1191 4094 1269 4137 nam
1293 4073 1414 4152 fames,
1445 4080 1484 4140 ut

248 4176 308 4245 hoe
331 4186 422 4260 utar,
452 4199 535 4263 quae
558 4200 635 4244 aves
656 4179 745 4263 ipsas
766 4174 943 4243 humanam
963 4198 1077 4244 vocem
1096 4179 1221 4245 imitari
1243 4180 1354 4260 docet,
1382 4183 1484 4248 mirus

249 4298 299 4353 est
321 4289 455 4369 artifex,
478 4295 511 4353 et
533 4287 604 4351 auri
627 4308 700 4371 spes
722 4309 787 4352 non
809 4287 872 4351 diei
894 4292 1022 4370 potest,
1044 4308 1142 4370 quam
1163 4288 1348 4371 praeclaros
1370 4311 1483 4356 versus

248 4396 411 4462 interdum
434 4396 658 4480 extorqueat.“
710 4395 881 4461 invehitur
906 4394 1039 4459 Persius
1060 4396 1094 4459 in
1116 4416 1194 4460 suae
1222 4397 1344 4462 aetatis
1366 4400 1484 4483 turpis·

249 4505 366 4570 simum
396 4526 436 4569 ex
463 4511 580 4588 poetae
609 4505 713 4589 ipsius
742 4503 863 4583 iudicio
893 4503 1020 4569 uitium.
1067 4504 1139 4569 Iam
1168 4504 1254 4573 enim
1281 4507 1485 4589 temporibus

249 4613 318 4676 divi
338 4611 500 4698 Augusti,
520 4614 695 4699 praecipue
716 4614 963 4696 imperatorum,
985 4612 1042 4707 qpi
1063 4633 1137 4677 eum
1158 4613 1264 4693 sequti
1286 4622 1372 4695 sunt,
1394 4624 1484 4699 artes

223 4720 264 4773 et
279 4717 398 4778 stoma
419 4721 549 4786 maiore
572 4743 612 4785 ex
632 4728 733 4806 parte
755 4729 915 4807 quaestus
926 4720 982 4788 uel
993 4720 1152 4799 eommodi
1162 4742 1270 4793 eausa
1283 4723 1484 4813 dolebamus,
