3434 5659
748 470 936 552 „87-

184 714 188 723 ¹
227 654 308 710 oum,
332 633 387 714 qui
409 637 531 714 septem
556 631 675 695 satiras
697 636 880 696 numerant.
922 629 971 694 At
993 650 1032 694 ex
1054 630 1205 697 omnibus
1219 632 1300 697 haec
1321 634 1461 698 maxime

227 740 357 804 videtur
377 738 564 803 reiieienda.
608 736 702 812 Quod
725 737 854 821 quidem
877 736 918 802 ad
941 746 1170 823 argumentum
1191 740 1329 818 attinet,
1351 741 1461 824 aliquo

227 847 320 912 modo
350 847 422 931 quis
452 846 493 910 ad
522 845 606 910 hanc
628 846 812 930 opinionem
842 846 1113 930 comprobandam
1142 848 1240 913 facile
1270 847 1462 927 adducatur,

228 957 347 1040 quippe
370 956 471 1038 quod,
501 956 528 1018 si
550 954 747 1031 irrisionem,
777 975 842 1037 qua
872 954 979 1019 utitur
999 953 1133 1019 Persius
1154 955 1189 1019 in
1211 961 1338 1022 veteres
1359 963 1462 1033 vates,

226 1064 261 1128 in
290 1085 324 1129 sc
353 1065 458 1147 ipsum
487 1064 586 1145 inque
609 1069 723 1146 poetas
745 1062 807 1125 sibi
831 1062 1002 1146 aequales,
1030 1070 1174 1147 spectes,
1202 1064 1342 1147 perbene
1363 1071 1463 1131 mate·

226 1175 276 1238 ria
304 1174 426 1237 satirae
455 1193 524 1237 esse
553 1173 666 1256 possit.
717 1170 876 1237 Attamen
907 1171 973 1235 iam
1002 1170 1063 1237 hoc
1092 1171 1198 1239 altera
1225 1192 1264 1251 ex
1297 1178 1463 1252 [11111111-

227 1282 370 1365 spinione
400 1281 540 1362 quadarn
569 1303 631 1344 non
668 1285 774 1358 caret,
806 1279 960 1367 quoniam
987 1281 1059 1365 ipso
1088 1280 1122 1343 in
1151 1278 1284 1365 prologo
1314 1301 1354 1343 ex
1375 1302 1463 1345 more

227 1389 482 1472 uniuscuiusque
510 1389 667 1473 prooemii
683 1389 940 1452 excusationem
970 1388 1064 1472 quasi
1085 1389 1209 1471 profert
1229 1386 1377 1467 Peisius,
1406 1410 1463 1453 cur

229 1497 409 1562 studiorum
431 1496 590 1561 rationem
614 1503 647 1560 et
669 1495 829 1579 suscipiat
851 1501 886 1561 et
906 1495 1129 1580 ingrediatur,
1158 1516 1197 1560 ac
1218 1494 1373 1561 brevibus
1395 1518 1463 1561 rer·

226 1606 278 1670 bis
301 1606 452 1692 designat
475 1612 508 1670 et
529 1605 674 1684 denotat,
697 1627 761 1687 qua
784 1604 970 1671 conditione
988 1625 1115 1689 quoque
1130 1605 1285 1689 temporis
1299 1614 1463 1672 momento

229 1715 341 1781 satiris
371 1712 548 1779 scribendis
579 1735 709 1798 operam
737 1736 858 1778 navare
886 1714 1055 1798 inceperit.
1106 1712 1199 1788 Quae
1220 1713 1255 1777 in
1276 1714 1463 1780 universum

230 1847 249 1887 1
278 1832 375 1907 poeta
404 1823 494 1888 dicta
523 1820 699 1906 satirisquc
729 1822 908 1905 praemissa
938 1828 1026 1909 certe
1055 1827 1094 1887 ut
1129 1822 1267 1907 prologi
1295 1823 1463 1889 cuiusdam

228 1933 330 1996 verba
359 1953 473 2008 sonare
502 1932 616 2015 negari
645 1953 709 1996 non
737 1937 856 2015 petest.
905 1928 971 1995 Sed
991 1930 1042 1995 his
1063 1931 1303 2015 praetermissis
1324 1933 1464 1996 maxime

229 2042 398 2107 haeremus
420 2042 453 2104 in
475 2041 588 2106 herum
612 2061 764 2105 versuum
787 2061 852 2124 qua
875 2039 990 2124 scripti
1011 2045 1089 2105 sunt
1110 2039 1223 2105 forma.
1273 2039 1324 2103 Ex
1345 2040 1463 2106 Horati
1502 2120 1505 2129 Ι

230 2150 315 2214 enim
337 2150 555 2234 temporibus,
585 2149 640 2232 qui
662 2149 785 2232 primus
813 2149 935 2214 satirae
965 2155 1064 2214 antea
1091 2147 1165 2213 rudi
1194 2154 1294 2231 atque
1320 2148 1465 2214 incultae

231 2266 354 2327 certam
375 2259 509 2323 formam
534 2257 634 2335 dedit,
657 2256 849 2322 Latinorum
872 2263 1052 2349 poetarum,
1074 2257 1131 2340 qui
1152 2256 1187 2320 in
1209 2257 1320 2322 satiris
1343 2278 1465 2340 compo·

230 2367 344 2431 nendis
366 2368 489 2432 versati
512 2372 605 2446 sunt,
636 2367 781 2432 carmina
803 2388 867 2433 uno
890 2365 1065 2451 eodemque
1095 2349 1222 2449 scripta*
1247 2372 1325 2432 sunt
1353 2372 1465 2446 metro,

192 2465 198 2475 ’
231 2476 387 2542 videlicet
414 2476 544 2541 heroico
574 2498 670 2541 versu
698 2458 905 2555 hexametro,
934 2496 1039 2558 neque
1068 2495 1213 2558 unquam
1242 2474 1315 2558 quis
1344 2474 1467 2541 abhoc

230 2585 382 2670 rhythmo
414 2607 474 2651 usu
504 2606 542 2649 ae
572 2584 806 2651 consuetudine
835 2591 949 2650 saneto
978 2584 1123 2649 recessit.
1175 2582 1341 2659 Quomodo
1363 2583 1467 2669 igitur

221 2694 342 2783 ¹Persio
371 2695 405 2759 in
435 2700 575 2758 mentem
604 2693 750 2774 venerit,
787 2714 887 2757 unam
915 2691 1053 2757 satiram
1089 2692 1281 2757 choliambis
1314 2712 1466 2777 pangere,

230 2805 421 2885 praesertim
450 2825 522 2867 rum
553 2809 678 2866 ceteras
707 2801 906 2866 hexametris
929 2800 1174 2868 enuntiaverit?
1217 2799 1271 2865 Ad
1297 2800 1467 2885 prologum

232 2933 308 2976 vero
331 2912 395 2977 alio
418 2921 520 2977 metro
543 2912 593 2977 uti
616 2911 720 2976 multo
742 2911 849 2994 magis
870 2909 1003 2975 licebat.

314 3071 388 3135 Non
409 3070 513 3136 multo
536 3071 610 3153 plus
633 3090 729 3153 quarn
753 3070 857 3152 prima
877 3069 937 3133 illa
964 3069 1073 3153 opinio
1099 3069 1345 3154 probabilitatis
1366 3070 1467 3136 habet

233 3179 348 3257 altera,
371 3199 468 3261 quam
490 3179 653 3242 invenisse
674 3179 864 3243 Heinrichio
885 3177 1017 3259 honori,
1038 3179 1066 3242 si
1089 3178 1218 3262 quidem
1240 3178 1467 3258 est,t1·ibuere

235 3288 405 3365 debemuS,
436 3288 492 3369 qui
514 3291 558 3370 (p.
581 3287 646 3368 67.)
668 3288 786 3351 mirum
815 3307 885 3350 1111
907 3286 1004 3366 dicit,
1033 3287 1120 3370 qnod
1148 3288 1255 3352 adhuc
1283 3288 1405 3352 nemini
1432 3288 1468 3350 in

234 3404 376 3461 mentem
399 3396 541 3476 venerit,
570 3404 681 3479 partes
710 3395 837 3479 prologi
867 3415 966 3459 uuam
987 3395 1029 3459 ab
1052 3394 1158 3461 altera
1180 3397 1309 3461 omnino
1332 3416 1402 3460 esse
1423 3415 1469 3460 se·

234 3504 430 3590 iungendas;
451 3506 516 3568 imo
537 3527 613 3568 vero
636 3524 738 3586 parva
759 3505 946 3587 fragmenta
966 3502 1073 3567 libelli
1096 3504 1236 3568 alieuius
1256 3504 1360 3588 ipsius
1376 3502 1469 3567 Persi

235 3636 333 3679 manu
357 3613 531 3695 conscripti
558 3634 645 3690 esse,
675 3632 758 3694 quae
787 3632 866 3676 casu
893 3612 928 3676 in
955 3632 1056 3677 unum
1085 3633 1213 3677 carmen
1243 3612 1468 3678 confluxerint.

235 3722 363 3786 Nititur
385 3730 419 3786 et
440 3721 516 3798 ille,
545 3721 579 3783 ni
601 3719 711 3798 fallor,
734 3720 861 3784 diverso
883 3727 986 3786 metro
1009 3741 1127 3804 eoque,
1154 3721 1240 3804 quod
1261 3720 1470 3787 cohaerentia
1496 3776 1497 3779 η

235 3833 321 3896 inter
350 3831 432 3895 duas
463 3829 615 3892 carminis
644 3836 754 3910 partes
783 3830 887 3912 primo
919 3829 1076 3912 adspectu
1105 3830 1198 3895 nulla
1228 3830 1359 3897 videtur
1389 3851 1468 3894 esse.

236 3940 300 4005 Sed
322 3950 355 4004 et
376 3941 461 4004 hano
482 3938 678 4003 sententiam
702 3937 801 4001 nullis
823 3938 924 4001 firmis
950 3937 1135 4003 rationibus
1155 3939 1275 4005 fultam
1295 3937 1469 4001 reiicimus.

235 4049 305 4112 Iam
327 4050 518 4132 opponimus
540 4047 616 4110 huie
639 4046 850 4130 antiquitatis
873 4046 1111 4128 documentum,
1133 4068 1226 4130 quae,
1249 4068 1321 4110 cum
1342 4066 1382 4110 ne
1404 4067 1469 4110 uno

227 4159 366 4240 quidem
388 4156 499 4222 codiee
522 4161 658 4238 excepto
681 4156 880 4238 prooemium
902 4156 1006 4221 forma
1028 4177 1093 4239 qua
1118 4177 1205 4219 nnnc
1225 4155 1383 4220 habemus
1405 4160 1469 4220 tra-

236 4265 372 4345 diderit,
401 4244 483 4330 satis
505 4263 646 4327 dilucide
668 4262 864 4344 declaravit,
894 4285 1032 4348 parvum
1053 4264 1113 4330 hoe
1136 4263 1380 4348 quatuordecim
1401 4284 1469 4328 ver·

236 4394 330 4437 suum
360 4395 488 4437 carmen
519 4393 589 4437 esse
618 4394 736 4451 unum,
765 4396 829 4438 non
856 4395 896 4438 ex
918 4373 1045 4439 duabus
1068 4375 1269 4442 diversorum
1290 4374 1469 4439 carminum

236 4482 386 4565 partibus
415 4481 601 4547 conflatum.
652 4482 851 4566 Oppenimus
881 4482 982 4548 etiam
1008 4483 1144 4550 duanam
1164 4483 1309 4569 partium
1331 4502 1469 4565 aequam

237 4592 502 4674 compositionem
524 4612 563 4655 ac
585 4591 850 4676 congruentiam,
873 4591 1058 4673 quaemihi
1080 4614 1144 4657 non
1165 4591 1263 4656 facilc
1284 4590 1470 4675 persuadet,

232 4721 311 4763 earu
333 4701 472 4779 quodam
496 4700 554 4764 hos
575 4700 627 4764 bis
649 4707 774 4784 septem
795 4717 909 4765 versus
934 4699 970 4764 in
991 4718 1090 4764 unum
1113 4720 1241 4766 carmen
1264 4698 1470 4779 11111111κὶ111,
