3434 5659
727 516 933 576 -lta

215 700 274 745 aus
297 700 357 742 nur
378 677 427 742 als
449 677 638 762 Werkzeug
660 699 700 742 au
722 678 864 742 hoheren
879 677 1041 743 Zwecken
1064 700 1107 744 an
1130 678 1195 743 und
1217 678 1392 743 behsndelt
1415 700 1450 742 es

214 786 349 872 sorglos,
368 788 404 870 ja
425 785 621 872 nachlassig.
659 785 742 851 Was
764 807 799 851 er
819 787 880 850 auf
898 786 985 853 diese
1007 788 1072 853 Art
1092 809 1136 853 an
1158 786 1359 853 (lorrectheit
1381 809 1449 853 ver-

213 894 300 975 liert,
322 895 469 979 gewinnt
490 915 526 958 er
546 916 588 958 an
610 895 739 959 innerer
753 893 964 977 Consequens
985 895 1140 960 reichlich
1162 894 1310 960 wieder.“
1337 894 1449 959 Verba

215 1003 387 1069 admodum
408 1002 545 1086 pulchra
566 1007 599 1067 et
622 1003 807 1087 ingeniosa,
836 1010 937 1087 atque
966 1004 1097 1069 etiamsi
1118 1025 1231 1069 verum
1253 1010 1339 1069 esset
1361 1005 1449 1067 ineu·

213 1112 281 1177 riae
304 1110 521 1195 opprobrium,
542 1119 653 1177 tamen
675 1118 805 1177 tantam
819 1111 979 1177 haberent
993 1112 1060 1176 vim
1076 1112 1263 1193 excrusandi,
1286 1118 1322 1178 ut
1343 1113 1449 1196 ipsam

214 1219 456 1306 neglegentiam
485 1226 600 1305 utpote
628 1220 796 1284 minimam
824 1221 1066 1301 omitteremus,
1094 1229 1266 1305 propterea
1292 1220 1377 1303 quod
1405 1219 1449 1299 id,

215 1327 300 1413 quod
322 1327 559 1411 assequendum
580 1335 646 1407 est,
678 1350 804 1412 semper
829 1328 934 1412 pluris
959 1330 1066 1395 facere
1088 1329 1258 1409 debemus,
1287 1349 1385 1411 quam
1405 1327 1448 1407 id,

214 1459 277 1521 quo
300 1437 480 1502 adiuvante
502 1436 584 1501 illud
606 1437 818 1521 assequimur.
861 1436 960 1501 Hisce
981 1459 1045 1503 non
1068 1438 1223 1503 inferiora
1244 1442 1335 1515 sunt,
1364 1456 1448 1519 quae
1531 1446 1534 1455 ’

214 1553 410 1630 sequuntur,
440 1545 587 1612 Passowi
610 1545 724 1611 verba:
770 1545 883 1625 „Denn
910 1546 971 1610 mit
996 1547 1101 1610 seiner
1127 1544 1341 1630 Verachtung
1366 1543 1448 1607 alles

213 1655 337 1734 dessen,
359 1675 428 1718 was
451 1653 508 1719 der
527 1653 744 1738 Darstellung
765 1654 855 1718 mehr
877 1653 927 1718 als
949 1653 1021 1717 dem
1036 1653 1328 1720 Daraustellenden
1352 1672 1448 1737 auge·

213 1762 337 1848 gehdrt,
360 1762 540 1828 harmonirt
554 1761 659 1826 dieser
673 1761 846 1828 Gebraueh
861 1762 916 1826 des
925 1761 1073 1847 Dialogs,
1096 1762 1153 1827 der
1163 1761 1255 1828 nicht
1270 1762 1330 1826 auf
1338 1781 1448 1825 anmu·

213 1871 342 1955 muthig
362 1869 631 1955 geschlsngelten
652 1871 792 1951 Pfaden,
815 1870 953 1935 sondern
975 1872 1035 1935 auf
1053 1871 1194 1951 steilem,
1216 1870 1265 1936 oft
1285 1869 1447 1952 unbeque·

213 1999 285 2043 men
307 1977 390 2063 Steg
412 1978 531 2063 gerade
553 1999 628 2042 zum
649 1977 891 2043 unverr'uckten
913 1979 1003 2044 Ziele
1025 1979 1082 2043 dea
1102 1978 1259 2045 Strebens
1279 1976 1398 2042 fnhrt.“

294 2087 385 2151 Haec
406 2087 575 2153 haetenus.
626 2086 833 2171 Quapropter
861 2094 972 2153 autem
999 2089 1084 2153 hanc
1110 2087 1381 2170 disceptationem
1402 2085 1448 2148 in·

212 2195 433 2274 stituerimus,
462 2217 502 2258 ex
530 2195 581 2260 his
610 2216 693 2277 quae
722 2201 905 2278 sequuntur
932 2196 1114 2280 intelleges.
1165 2194 1296 2260 Etenim
1324 2194 1447 2278 optimo

213 2304 282 2368 iure
304 2303 498 2368 contendere
520 2310 704 2382 tentamus,
733 2304 804 2368 lieri
831 2305 961 2368 omnino
988 2326 1053 2369 non
1074 2324 1184 2386 posse,
1214 2309 1251 2367 ut
1272 2301 1449 2365 Persianas

212 2412 427 2478 interlocutor
455 2413 591 2477 satiram
621 2413 769 2495 incipiat.
816 2413 878 2477 Est
900 2413 1002 2491 enim,
1030 2419 1069 2477 ut
1091 2433 1190 2495 supra
1211 2409 1449 2474 demonstrasse

213 2520 308 2585 nobis
330 2521 486 2600 videmur,
508 2521 572 2585 iste
593 2521 808 2586 interlocutor
830 2521 922 2584 nulla
944 2528 1034 2584 certa
1048 2540 1197 2602 persona,
1220 2539 1301 2602 quae
1323 2539 1381 2600 per
1401 2525 1448 2582 to·

212 2635 284 2693 tum
306 2628 560 2713 dialogumsibi
583 2635 709 2693 constet
731 2628 931 2711 eandemque
949 2628 1089 2710 speciem
1111 2626 1282 2710 praebeat,
1311 2633 1346 2692 at
1371 2647 1447 2689 vero

213 2757 365 2819 expressa
393 2737 502 2821 imago
532 2743 582 2801 est
610 2736 757 2819 perditae
788 2758 826 2800 ae
848 2743 1020 2819 corruptae
1042 2735 1281 2815 multitudinis,
1313 2755 1447 2818 quorum

213 2844 297 2910 vitia
325 2850 359 2910 et
389 2845 513 2909 scelera
535 2852 587 2911 tot
613 2850 691 2909 sunt
712 2851 846 2926 tamque
869 2843 1015 2923 diversa,
1048 2849 1086 2908 ut
1114 2842 1330 2908 interlocutor
1357 2841 1448 2905 illius

212 2953 318 3018 vicem
340 2975 455 3039 gerens
476 2954 693 3038 multiplicem
714 2954 849 3018 formam
874 2974 913 3017 ao
935 2952 1075 3037 speciem
1096 2952 1229 3016 induere
1250 2952 1364 3035 possit.
1392 2950 1448 3014 Ni·

211 3062 260 3126 hil
291 3068 342 3128 est
370 3064 434 3127 uisi
462 3064 599 3128 virtutis
621 3063 836 3143 contrarium,
865 3061 951 3145 quod
972 3082 1029 3145 per
1051 3082 1085 3125 se
1107 3067 1173 3141 est,
1203 3065 1241 3126 ut
1262 3066 1448 3147 voceutar,

212 3171 408 3236 multicolor.
450 3169 620 3236 Eiusmodi
641 3192 718 3235 vero
740 3192 879 3255 persona
900 3171 934 3234 in
957 3191 1135 3235 sermonem
1151 3168 1239 3233 haud
1254 3166 1447 3234 intercidere

215 3279 265 3342 rel
287 3280 415 3344 omnino
439 3301 508 3343 esse
531 3302 593 3342 non
616 3285 743 3362 potest,
764 3279 830 3342 nisi
851 3279 929 3362 quid
951 3279 1181 3362 praecesserit,
1208 3279 1300 3341 cuius
1323 3282 1447 3342 contra·

212 3386 296 3449 rium
317 3395 562 3470 repraesentare
584 3388 697 3470 possit.
740 3387 878 3452 Prorsus
900 3387 998 3452 aliter
1019 3410 1070 3452 res
1091 3409 1125 3451 se
1146 3387 1257 3466 habet,
1279 3386 1307 3450 si
1328 3386 1445 3450 Horati

214 3493 334 3579 figuras
363 3494 612 3560 consideramus.
664 3495 858 3578 Ubicunque
886 3495 943 3559 ille
973 3516 1046 3560 eum
1076 3496 1140 3561 alio
1169 3495 1233 3559 init
1258 3515 1446 3574 sermonem,

212 3601 264 3665 hic
287 3604 416 3686 propria
438 3618 472 3667 et
494 3603 648 3669 absoluta
669 3605 776 3669 utitur
798 3603 921 3687 specie,
952 3625 1048 3685 quem
1072 3602 1177 3686 quoad
1204 3602 1354 3688 dialogus
1377 3623 1447 3666 con·

211 3711 378 3789 tinuatur,
400 3710 537 3776 obtinet.
587 3711 779 3792 Considera,
801 3712 829 3776 si
850 3712 948 3776 huius
969 3712 1017 3775 rei
1039 3710 1221 3794 exemplum
1243 3710 1359 3775 afferre
1380 3710 1446 3793 pla.

211 3826 273 3898 cet,
295 3818 460 3903 dialogum
482 3819 575 3883 illum
597 3819 716 3884 Horati
737 3818 814 3901 (sat.
828 3818 873 3898 Π,
896 3816 948 3900 1.),
970 3818 1028 3884 ubi
1049 3820 1166 3883 festive
1188 3819 1356 3902 multoque
1378 3818 1446 3882 sale

212 3926 356 4005 simulat,
378 3949 412 3990 66
435 3926 468 3991 0.
491 3926 684 3993 Trebatium
700 3927 833 3993 Testem
854 3928 1129 4006 iureconsultum,
1152 3947 1169 3990 e
1190 3928 1308 3992 facetis
1330 3926 1446 4010 episto·
1468 3939 1469 3942 ’

210 4035 252 4099 116
273 4057 295 4099 6
316 4034 469 4100 Cicerone
499 4034 556 4118 (ad
577 4037 653 4100 fam.
676 4035 753 4115 ΥΠ,
775 4034 911 4118 5.-22.)
942 4035 982 4099 ad
1012 4055 1083 4099 eum
1115 4034 1200 4100 datis
1229 4035 1445 4113 notissimum,

212 4150 398 4224 querutum
421 4144 486 4207 iam
508 4152 671 4209 mortuum
694 4165 765 4209 esse
787 4146 842 4209 vix
865 4151 925 4225 est,
948 4144 1033 4227 quod
1050 4143 1246 4223 dubitemus,
1270 4143 1445 4223 consulere,

211 4251 289 4333 quid
310 4252 344 4315 in
366 4257 463 4317 tanta
485 4251 742 4319 obtrectatorum
766 4255 800 4316 in
822 4274 856 4318 sc
879 4253 1063 4335 satirasque
1085 4272 1162 4315 suas
1183 4252 1377 4334 iniquitate,
1406 4251 1444 4316 de

211 4381 273 4443 qua
298 4359 471 4425 admodum
493 4361 656 4427 sollicitus
678 4362 739 4441 sit,
760 4362 873 4426 faeiat.
925 4359 1134 4442 Quantopere
1156 4357 1266 4424 differt
1288 4359 1443 4425 eiusmodi

209 4490 347 4554 persone
376 4469 417 4534 ab
447 4469 530 4550 illis,
560 4491 641 4553 quas
656 4461 756 4552 ¹apud
782 4470 929 4535 Persium
959 4468 1080 4552 ubique
1108 4467 1250 4533 locorum
1281 4466 1445 4531 videmus!

209 4578 323 4661 Neque
351 4579 485 4658 mirum,
525 4578 552 4641 61
581 4577 669 4662 apud
698 4577 833 4642 eundem
863 4578 1037 4644 Horatium
1065 4597 1234 4661 personam
1261 4577 1445 4641 invenimus

198 4707 385 4747 sermonem
404 4685 630 4768 incipientem,
652 4687 756 4752 veluti
771 4685 848 4767 (661.
864 4686 908 4766 II,
923 4683 966 4767 3.)
988 4685 1234 4769 Damasippum,
1257 4685 1312 4768 qui
1333 4691 1443 4769 partes

171 4781 253 4887 agz't
268 4788 460 4851 atomorum
482 4799 608 4881 sectae,
631 4795 806 4862 bominum
830 4804 865 4862 61
886 4812 1066 4887 pravorum
1086 4800 1121 4859 61
1135 4794 1267 4874 uilium,
1284 4794 1342 4875 qui
1359 4812 1444 4855 sese·
1475 4856 1477 4861 ,
