3434 5659
778 497 984 552 *20*-

260 650 350 720 xima
379 656 508 738 quidem
540 678 579 719 ex
618 663 709 739 parte
740 657 819 720 liu-ec
848 657 997 721 Passowi
1026 656 1216 721 distributio
1248 654 1336 720 clara
1367 664 1417 719 est
1448 654 1502 718 bo·

261 776 402 848 numque
425 765 663 829 sententiarum
685 764 827 829 ordinem
852 765 996 844 exhibet,
1018 771 1129 830 tamen
1153 786 1217 828 una
1233 769 1393 846 quantum
1415 764 1503 845 cqui-

144 934 146 941 .
176 868 194 929 '-
225 918 228 925 -
259 871 332 936 dem
354 873 460 937 sentio
484 877 595 936 exstat
618 871 803 949 difficultas,
828 875 858 937 in
885 873 1379 957 quamagnoperehaesitamus.
1407 870 1501 946 Quae

258 982 363 1046 estin
387 1003 426 1043 ea
447 1002 481 1044 re
504 981 629 1062 posita,
652 982 737 1063 quod
760 983 874 1046 verba:
907 980 1004 1062 „Min’
1027 989 1064 1047 tu
1086 981 1176 1047 istud
1199 979 1287 1045 ais?“
1321 987 1354 1046 et
1379 981 1499 1061 „Nemo

258 1087 421 1153 hercule!“
462 1087 566 1152 eidem
596 1089 718 1153 dicenti
749 1090 932 1154 attribuere
962 1090 1161 1155 dubitamus.
1219 1088 1331 1171 Atque
1360 1090 1500 1172 primum

258 1195 388 1280 quidem
411 1196 544 1260 dubium
568 1203 628 1276 est,
650 1220 726 1261 nuru
750 1221 788 1263 ex
811 1200 938 1263 ratione
963 1198 1086 1283 dialogi
1108 1199 1222 1263 statim
1246 1198 1288 1261 ab
1310 1198 1406 1262 initio
1424 1197 1500 1259 Per-

257 1306 340 1369 sium
363 1306 569 1371 introducere
590 1306 700 1384 liceat,
722 1308 816 1390 quasi
839 1308 889 1369 oui
914 1327 1105 1391 persuasum
1119 1307 1163 1370 sit
1186 1328 1233 1384 ea,
1258 1327 1340 1387 quae
1362 1307 1498 1388 scriptu-

256 1433 312 1477 rus
333 1414 388 1492 sit,
410 1435 430 1476 a
452 1414 543 1478 nullo
564 1413 640 1498 legi.
668 1414 783 1480 Nonne
806 1425 876 1479 tum
901 1436 1000 1479 causa
1022 1416 1120 1498 plane
1141 1416 1299 1493 aufertur,
1322 1435 1406 1496 quac
1428 1414 1499 1478 sola

234 1608 237 1615 Ι
255 1528 384 1605 poetam
408 1522 594 1601 commovit,
615 1530 654 1587 ut
676 1523 842 1609 dialogum
865 1523 1025 1610 tingeret?
1056 1523 1137 1588 Cum
1160 1525 1246 1587 enim
1267 1525 1407 1606 primum
1429 1544 1498 1586 ver·

255 1632 327 1695 eum
349 1631 491 1696 scribere
512 1632 681 1715 inciperet,
703 1653 743 1694 ne
765 1632 914 1696 Persium
937 1632 1066 1714 quidem
1089 1633 1228 1711 latebat,
1251 1634 1365 1712 omnis,
1387 1638 1426 1697 ut
1439 1630 1498 1695 Oa·

254 1740 420 1805 sanbonus
443 1740 540 1819 dicit,
569 1741 757 1823 scriptionis
787 1742 956 1804 consilium
988 1763 1057 1804 esse
1078 1741 1269 1815 lectionem,
1297 1763 1360 1805 non
1383 1761 1441 1823 per
1463 1759 1497 1802 se

254 1847 402 1931 quidem,
431 1869 543 1912 verum
567 1849 655 1928 idco,
686 1851 762 1930 quia
792 1849 940 1929 utilitas,
970 1870 1069 1932 quam
1098 1851 1272 1933 praecipue
1300 1855 1497 1932 spectamen,

160 2016 162 2021 .
253 1956 347 2022 nuilla
368 1963 478 2040 potest
500 1959 570 2021 sine
591 1957 733 2022 lectione
755 1957 887 2040 percipi.
933 1957 1037 2022 Totus
1060 1959 1164 2042 igitur
1178 1957 1303 2022 defixus
1325 1963 1376 2021 est
1397 1963 1497 2039 poeta

161 2062 164 2075 '
252 2067 286 2129 in
310 2065 568 2152 cogitationibus
590 2066 737 2148 nihilque
749 2066 840 2130 aliud
856 2073 960 2145 curat,
983 2088 1081 2149 quam
1103 2071 1141 2130 ut
1162 2065 1308 2130 laborem
1329 2066 1497 2147 inceptum

150 2238 153 2259 ,
251 2173 420 2257 producat.
445 2173 540 2241 ,Hoc
562 2176 717 2256 temporis
739 2181 903 2239 momento
926 2175 1036 2240 subito
1063 2181 1180 2259 poetae
1203 2174 1324 2256 aliquis
1346 2193 1496 2256 superve-

149 2262 154 2359 l
251 2282 364 2347 nit-
387 2304 462 2346 nam
483 2283 533 2346 ita
555 2283 764 2346 festivissime-
787 2284 883 2368 tingit.
905 2289 1003 2366 poeta
1025 2304 1165 2363 scenam,
1184 2318 1225 2327 -
1247 2283 1303 2365 qui
1324 2282 1418 2345 illum
1440 2281 1496 2344 ad·

149 2366 153 2383 ¹
248 2389 417 2469 hortatur,
446 2398 484 2455 ut
514 2390 684 2456 scribendo
717 2392 872 2456 desistat.
914 2391 998 2474 quod
1031 2393 1155 2456 scribat
1188 2411 1319 2474 prorsus
1350 2389 1494 2454 inutilia.

147 2392 153 2659 ¹
250 2496 383 2563 Persius
419 2499 522 2565 oculis
560 2500 722 2583 extemplo
757 2499 899 2564 sublatis
925 2507 1025 2585 atqpe
1052 2501 1102 2564 ita
1145 2498 1412 2583 obstupefactus,
1456 2504 1504 2571 ut,

147 2662 151 2725 ἰ
251 2609 393 2687 nesciat,
425 2615 535 2672 utrum
563 2610 633 2692 ipse
656 2631 696 2672 an
725 2608 811 2672 alius
834 2611 908 2690 quis
930 2617 1068 2675 vocatus
1090 2611 1152 2688 sit,
1182 2615 1291 2694 rogat:
1338 2605 1434 2686 „Min’
1455 2613 1495 2672 tu

147 2730 151 2759 ³
250 2716 340 2781 istud
362 2715 452 2780 ais?“
493 2716 680 2800 Respondet
703 2717 853 2781 celeriter
878 2719 1013 2800 primam
1037 2718 1235 2782 sententiam
1259 2717 1353 2798 quasi
1377 2716 1495 2780 iureiu-

146 2778 151 2917 ξ
248 2825 349 2889 randc
361 2825 526 2890 affirmans
542 2826 762 2890 adversarius:
788 2826 869 2905 „lta
893 2825 1005 2904 Nemo,
1021 2823 1167 2889 hercule!
1190 2831 1223 2888 te
1234 2830 1358 2907 tuaque
1369 2826 1494 2907 scripta

249 2932 367 3018 leget.“
413 2922 525 3017 Atque
554 2941 624 3000 tum
656 2935 782 2999 demum
806 2934 938 2998 Persius
968 2935 1144 3018 paullatim
1166 2955 1200 2997 se
1222 2933 1415 3018 intellegere
1436 2933 1493 2996 fin-

144 2926 150 3141 i
249 3042 309 3126 git,
331 3043 489 3107 eiusmodi
511 3044 634 3126 scripta
657 3066 720 3106 uon
744 3065 822 3121 esse,
845 3065 929 3125 quae
952 3043 1115 3128 legantur.
1159 3043 1222 3105 Hic
1238 3064 1342 3106 nexus
1365 3048 1493 3106 senten·

144 3150 149 3305 1
248 3151 369 3215 tiarum
399 3152 574 3215 maximam
605 3151 706 3215 habet
735 3152 1033 3217 verisimilitudinis
1060 3152 1199 3235 speciem
1229 3150 1372 3234 talisque
1395 3172 1493 3215 scena

145 3312 148 3329 ,
249 3257 354 3322 altera
376 3259 481 3326 nmlto
504 3259 676 3338 subtilior,
700 3260 899 3344 elegantior,
929 3261 1122 3344 exquisitior
1145 3266 1204 3324 est.
1254 3259 1328 3323 Huc
1351 3259 1490 3338 accedit,

145 3338 148 3415 l
249 3366 334 3450 quod
365 3388 428 3431 vox
458 3367 660 3448 „hercule!“,
697 3374 812 3451 utpote
842 3390 926 3450 quae
957 3369 1133 3433 maximam
1162 3368 1285 3433 habeat
1313 3369 1377 3431 vim
1408 3367 1491 3431 affir·

145 3464 149 3547 l
248 3475 374 3557 mandi,
402 3497 444 3540 ne
466 3477 573 3540 dicam
595 3477 742 3556 iurandi,
771 3477 858 3540 haud
882 3477 979 3541 dubie
1002 3476 1186 3557 desiderat,
1217 3484 1255 3541 ut
1284 3499 1349 3541 vox
1376 3476 1491 3559 aliqua

144 3560 148 3697 Ξ
248 3584 441 3667 praecedat,
464 3607 562 3668 quam
585 3586 774 3650 confirmare
796 3587 910 3668 possit.
953 3585 1086 3650 Persius
1110 3608 1184 3651 vero
1207 3586 1394 3651 nonhabet
1417 3605 1490 3648 cau-

144 3700 147 3743 t
247 3713 330 3772 sam,
353 3714 411 3757 cur
431 3695 504 3759 voci
529 3692 678 3774 „nerno“,
701 3694 729 3758 si
752 3694 883 3777 quidem
904 3694 988 3758 hanc
1011 3694 1101 3758 illius
1125 3716 1195 3759 esse
1218 3694 1381 3774 volumus,
1404 3694 1489 3759 hanc

247 3820 380 3886 gravem
408 3801 590 3866 affirmandi
620 3803 815 3886 particulam
839 3804 1017 3888 adiungat,
1046 3824 1123 3866 nam
1150 3825 1213 3867 non
1237 3804 1331 3869 video
1354 3824 1416 3888 quo
1439 3823 1489 3867 co·

143 3984 145 3989 .
245 3915 359 3993 gutur,
380 3919 428 3990 ut,
451 3913 546 3993 quasi
568 3933 588 3974 a
610 3913 769 3976 monitore
790 3935 853 3977 non
879 3910 1046 3989 credatur,
1068 3911 1103 3974 id
1126 3911 1212 3994 quod
1233 3919 1333 3999 neget
1354 3914 1488 3994 insuper

143 4016 145 4035 .
246 4017 356 4101 aliquo
379 4018 472 4083 modo
496 4018 644 4083 affirmet.
687 4018 825 4084 Prorsus
848 4020 916 4083 alia
935 4020 1065 4084 ratione
1088 4041 1195 4084 seres
1217 4021 1327 4101 habet,
1350 4023 1377 4085 si
1385 4023 1486 4086 istam

248 4145 362 4190 vocem
383 4127 570 4192 adversario
592 4127 777 4192 tribuimus.
827 4128 861 4191 Is
884 4131 949 4192 iarn
972 4133 1072 4193 antea
1093 4130 1198 4194 l'orma
1219 4131 1490 4214 interrogationis

247 4242 377 4318 poetam
401 4223 583 4317 admonuit,¹
603 4260 621 4300 a
645 4236 735 4300 nullo
758 4236 913 4301 eiusmodi
938 4238 1124 4322 argumenti
1147 4239 1267 4304 satiras
1288 4238 1364 4322 legi,
1385 4247 1486 4322 atque

249 4364 321 4407 curn
353 4344 485 4409 Persius
516 4345 727 4422 etiamtunc
758 4345 904 4425 dubitet,
933 4367 1011 4408 num
1041 4347 1146 4429 ipsum
1169 4347 1226 4410 ille
1248 4347 1412 4412 allocutus
1434 4350 1489 4428 sit,

246 4453 337 4535 prius
360 4452 483 4519 dictum
505 4455 653 4539 graviter
675 4478 712 4518 ac
738 4456 945 4519 vehementer
966 4455 1119 4519 affirmat:
1145 4455 1214 4534 „Tu
1236 4455 1293 4519 ille
1315 4477 1365 4535 es,
1389 4477 1486 4540 quern
1570 4452 1573 4457 ’

244 4561 322 4641 dixi,
345 4584 410 4626 non
433 4563 528 4626 alius.
572 4564 642 4628 Tua
666 4565 790 4647 scripta
811 4563 1008 4628 mehercule!
1038 4583 1132 4628 nemo
1156 4564 1260 4649 leget,
1282 4586 1345 4630 non
1368 4566 1483 4629 alius.“

238 4670 335 4731 Satis
358 4690 436 4752 ergo
457 4670 643 4737 luculenter
664 4684 819 4757 apparet,
849 4674 989 4738 alteram
1013 4672 1199 4738 Oasauboni
1221 4672 1487 4738 distributionem

211 4784 288 4826 esse
303 4777 577 4851 praeterendam.
