3434 5659
234 974 296 1037 quo
319 954 419 1017 etiam
442 953 587 1031 secedit,
611 955 758 1035 quodne
781 955 1002 1036 fragmentum
1026 952 1155 1034 quidem
1177 951 1335 1016 eiusmodi
1358 952 1470 1017 earmi-

146 1126 148 1132 ,
232 1083 319 1140 num,
341 1060 380 1126 de
403 1061 521 1144 quibus
543 1061 655 1125 Heinr.
679 1060 834 1142 loquitur.¹
857 1060 899 1124 ad
921 1082 979 1125 nos
1001 1061 1159 1144 pervenit.

315 1170 387 1235 lam
409 1169 601 1234 aooedanrus
633 1168 673 1233 ad
699 1169 785 1233 duas
813 1190 896 1252 (pirae
924 1174 1053 1233 restant
1079 1168 1247 1251 opiniones
1269 1168 1470 1245 traetandas,

233 1298 317 1361 qnae
339 1277 480 1343 omnium
503 1282 580 1342 sunt
602 1277 826 1362 gravissimae.
871 1277 939 1340 Alii
963 1277 1134 1361 prologum
1156 1277 1270 1343 dieunt
1289 1297 1359 1341 esse
1379 1297 1468 1362 prae-

233 1388 390 1452 fationem
413 1387 455 1451 ad
478 1387 614 1470 primam
636 1408 720 1470 quae
743 1387 898 1452 eontinuo
920 1386 1070 1468 sequitur
1091 1386 1242 1465 satiram,
1271 1385 1344 1462 alii,
1366 1384 1469 1469 prolo-

232 1516 310 1579 gum
341 1495 491 1560 omnibus
520 1495 632 1559 satiris
663 1494 863 1578 praeoedere.
925 1493 1012 1569 Quid
1042 1500 1182 1577 utraque
1212 1493 1375 1560 sententia
1406 1492 1469 1557 sibi

233 1604 314 1668 velit
337 1604 425 1668 hisee
448 1604 611 1687 explic-are
633 1598 787 1681 tentabo,¹
807 1625 880 1667 oum
903 1623 942 1666 ex
966 1603 1208 1685 comparatione
1228 1601 1370 1681 illarum,
1392 1602 1470 1685 quid

233 1712 442 1797 equidemde
464 1712 598 1797 prologo
621 1712 771 1790 sentiam,
793 1712 891 1775 t'aeile
913 1717 1080 1794 appareat.

262 1888 264 1895 ,
315 1821 361 1886 Ut
382 1821 486 1906 igitur
508 1820 551 1885 ad
572 1818 715 1904 priorem
733 1821 931 1885 sententiam
960 1820 1146 1899 redeamus,
1175 1821 1315 1904 primum
1346 1820 1469 1902 quaeri·

234 1942 304 2011 tur,
326 1951 410 2014 quae
432 1930 476 1994 sit
499 1949 615 2008 eausa,
638 1950 695 1993 our
719 1929 914 2012 prooemium
937 1928 1087 1993 nonnulli
1109 1929 1320 2011 praemissum
1343 1929 1469 1991 faoiant

232 2039 293 2106 soli
315 2039 438 2122 primae
460 2038 592 2102 satirae.
642 2037 697 2102 Ita
717 2037 912 2122 rogantibus
938 2037 1185 2121 respondemus,
1214 2059 1278 2102 non
1303 2036 1364 2102 hoo
1390 2035 1469 2113 lieri,

233 2147 319 2230 quod
342 2147 422 2212 haee
445 2147 549 2210 satira
571 2146 676 2229 prima
697 2145 847 2210 omnibus
870 2145 988 2210 esteris
1010 2145 1194 2225 antecedat,
1216 2166 1353 2208 —nam
1373 2164 1414 2208 ne
1435 2143 1469 2208 id

234 2254 361 2339 quidem
384 2261 509 2320 certum
531 2262 599 2332 est,
629 2275 705 2318 num
729 2254 790 2318 hoo
811 2254 940 2333 ordine⁷
973 2275 1035 2336 quo
1058 2275 1117 2319 nos
1142 2253 1318 2332 habemus,
1347 2254 1469 2319 satirae

232 2386 252 2428 a
272 2362 386 2429 Persio
407 2363 478 2446 ipso
500 2364 609 2427 factae
632 2362 716 2441 sint,
799 2361 854 2427 sed
878 2361 963 2444 quod
985 2384 1106 2448 magna
1131 2362 1263 2428 intersit
1285 2360 1470 2427 differentia

233 2474 319 2537 inter
339 2471 438 2535 huius
461 2472 583 2536 satirae
605 2478 835 2555 argumentum
858 2479 892 2537 et
914 2472 1057 2536 omnium
1078 2471 1287 2553 reliquarum.
1317 2470 1469 2553 Quinque

234 2581 317 2644 enim
347 2580 423 2644 illas
452 2579 571 2644 satiras
601 2579 744 2643 maxima
775 2600 814 2642 ex
836 2587 930 2662 parte
953 2579 1193 2663 disputationes
1215 2599 1323 2643 essee
1346 2579 1469 2644 stoioao

233 2687 457 2772 philosophiae
479 2688 598 2753 sobolis
620 2688 801 2772 profectas,
829 2688 1007 2769 neminem,
1037 2689 1093 2771 qui
1113 2688 1190 2753 illas
1212 2688 1319 2753 obiter
1339 2694 1473 2754 tantum

232 2797 366 2882 legerit,
387 2796 526 2877 latebit,
553 2797 603 2862 ita
624 2802 663 2862 ut
685 2818 781 2862 verae
803 2797 926 2863 satirae
946 2797 983 2860 in
1003 2797 1070 2862 illis
1091 2817 1197 2880 panea
1218 2803 1350 2864 tantum
1372 2796 1470 2862 vesti·

232 2906 288 2989 gia
316 2905 535 2970 inveniantur.
587 2904 649 2971 Sed
678 2905 820 2970 multum
848 2905 890 2970 ab
919 2905 972 2969 his
1001 2905 1130 2971 diversa
1157 2911 1208 2972 est
1229 2906 1334 2990 prima
1356 2905 1469 2986 satira,

232 3014 266 3077 in
288 3034 371 3097 qua,
400 3033 472 3078 oum
495 3020 683 3097 corruptum
704 3013 878 3080 literarum
899 3020 1026 3080 statum
1045 3021 1192 3092 notaret,
1221 3014 1362 3081 debebat
1391 3035 1469 3079 sane

231 3121 363 3186 Persius
386 3121 549 3187 auditoria
585 3121 848 3205 philosophorum
878 3122 1061 3206 relinquere
1089 3124 1258 3206 ipsamque
1286 3123 1389 3188 vitam
1419 3142 1469 3205 pe·

232 3238 318 3310 tere,
352 3237 390 3297 ut
418 3231 540 3296 satirae
569 3231 709 3296 officium
740 3231 900 3314 expleret:
948 3230 1043 3306 Quod
1073 3253 1148 3297 vere
1170 3252 1244 3296 eum
1273 3233 1405 3309 t'eoisse,
1435 3242 1469 3296 et

232 3346 301 3403 tam
323 3359 450 3418 eornm,
472 3339 528 3422 qui
549 3346 629 3404 tuno
649 3338 764 3404 literas
785 3340 994 3420 tractabant,
1017 3360 1115 3423 quam
1137 3361 1261 3421 eorum,
1284 3340 1340 3423 qui
1362 3339 1469 3405 audie·

232 3445 314 3513 bant
336 3453 370 3512 et
391 3446 600 3525 iudicabant,
621 3447 821 3531 pravitatem
843 3447 974 3532 egregie
997 3458 1097 3531 atque
1118 3470 1194 3513 vere
1217 3448 1401 3532 depinxisse
1423 3449 1469 3531 ip·

231 3556 299 3621 sius
321 3556 444 3621 satirae
466 3563 694 3641 argumentum
716 3577 979 3639 unumquemque
1001 3556 1151 3637 docebit,
1173 3556 1258 3640 quod
1280 3557 1333 3620 hio
1354 3555 1468 3639 paneis

234 3672 365 3731 tanturn
394 3665 662 3748 eomprehendam
691 3686 823 3730 neeesse
852 3671 912 3730 est.
960 3665 1021 3731 Est
1043 3670 1155 3730 autem
1176 3665 1256 3729 haee
1279 3665 1381 3729 satira
1404 3664 1470 3729 dia·

233 3773 328 3858 logus
357 3774 489 3856 quidam
518 3774 604 3839 inter
632 3779 763 3858 poetam
793 3775 913 3840 satiras
942 3774 1083 3840 seribere
1105 3781 1257 3839 aventem
1279 3781 1313 3838 et
1334 3772 1469 3838 monito·

232 3903 317 3961 rem,
348 3883 403 3964 qni
426 3903 498 3947 eum
526 3881 737 3947 ascribendo
759 3881 922 3947 deterrere
945 3890 1090 3949 sonatur.
1140 3881 1273 3947 Persius
1299 3903 1391 3960 vero,
1419 3883 1470 3945 vir

233 3991 421 4056 ferooientis
450 3991 575 4076 ingenii
603 3990 791 4073 nulliusque
819 3991 954 4057 monitis
983 3991 1147 4058 eohibitus
1169 3990 1327 4056 audacter
1347 3989 1469 4053 invehi·

233 4107 288 4163 tur
308 4100 344 4162 in
365 4099 492 4164 nobiles
514 4099 562 4164 sui
587 4100 759 4184 temporis,
782 4099 984 4183 quinetiam
1006 4102 1040 4165 in
1062 4101 1169 4183 ipsum
1189 4099 1367 4179 Neronem,
1390 4098 1468 4163 aori·

232 4214 284 4272 ter
310 4208 533 4292 perstringens
561 4207 768 4273 ambitiosam
794 4206 925 4273 illorum
951 4210 985 4273 in
1007 4209 1157 4274 versibus
1178 4207 1358 4273 scribendis
1381 4207 1469 4271 vani·

232 4321 353 4396 tatem,
395 4316 585 4382 affectatam
614 4316 786 4382 verborum
818 4317 1023 4402 turgidorum
1051 4319 1322 4395 ostentationem,
1357 4314 1469 4379 inania

231 4425 411 4508 figurarum
439 4425 628 4511 pigmenta,
661 4446 820 4489 summam
849 4425 965 4491 deinde
994 4434 1063 4493 tum
1091 4426 1278 4492 auditorum
1300 4434 1371 4492 tum
1391 4426 1469 4489 reoi-

232 4533 376 4598 tantium
403 4533 577 4600 mollitiem
604 4540 701 4599 notat
723 4541 772 4613 et,
805 4535 937 4617 qualem
958 4557 1091 4601 suarum
1117 4537 1292 4602 satirarum
1314 4537 1468 4602 leotorenr

231 4640 352 4707 habere
373 4642 471 4724 velit,
500 4649 664 4727 postremo
685 4649 808 4708 narrat.
860 4642 924 4708 Sed
953 4644 1015 4711 hoe
1036 4654 1265 4731 argumentum
1287 4647 1322 4710 in
1344 4666 1468 4728 eompa-

231 4750 392 4815 rationem
419 4772 537 4817 voeare
567 4773 639 4815 oum
666 4749 793 4836 prologi
823 4761 1016 4836 argumento
1045 4755 1140 4820 nobis
1161 4755 1271 4822 lioeat.
1308 4755 1391 4824 „Hoo
1411 4753 1467 4817 im·

231 4858 344 4941 primis
365 4858 456 4925 nullo
479 4867 575 4944 paeto
597 4859 735 4925 infitiari
755 4880 944 4943 possumus,
970 4864 1098 4929 ratione
1119 4863 1235 4929 habita
1257 4863 1401 4946 quinque
1421 4883 1468 4926 re·

230 4966 394 5050 liquorum
416 4968 595 5033 carminum
616 4969 756 5053 primam
775 4972 913 5038 satiram
934 4978 969 5037 et
990 4974 1164 5057 prologum
1181 4973 1394 5035 simillimam
1406 4979 1479 5027 ‘exa-

232 5080 321 5142 otare
343 5077 530 5159 materiam,
556 5098 633 5146 nem
653 5086 694 5149 ut
714 5080 752 5148 in
771 5081 945 5169 prooemio
974 5089 1013 5147 et
1024 5080 1093 5145 *rixo
1112 5078 1158 5140 be
1176 5094 1220 5136 se
1238 5084 1377 5142 suosne
1393 5061 1519 5118 sature-
