<?xml version="1.0" encoding="UTF-8"?>
<!DOCTYPE html PUBLIC "-//W3C//DTD XHTML 1.0 Transitional//EN"
    "http://www.w3.org/TR/xhtml1/DTD/xhtml1-transitional.dtd">
<html xmlns="http://www.w3.org/1999/xhtml" xml:lang="en" lang="en">
 <head>
  <title>
</title>
<meta http-equiv="Content-Type" content="text/html;charset=utf-8" />
  <meta name='ocr-system' content='tesseract 3.04.00' />
  <meta name='ocr-capabilities' content='ocr_page ocr_carea ocr_par ocr_line ocrx_word'/>
</head>
<body>
  <div class='ocr_page' id='page_1' title='image "./quaestionespers00schugoog_0033.png"; bbox 0 0 3434 5659; ppageno 0'>
   <div class='ocr_carea' id='block_1_1' title="bbox 756 796 965 855">
    <p class='ocr_par' dir='ltr' id='par_1_1' title="bbox 756 796 965 855">
     <span class='ocr_line' id='line_1_1' title="bbox 756 796 965 855; baseline -0.01 -16"><span class='ocrx_word' id='word_1_1' title='bbox 756 796 965 855; x_wconf 76' lang='lat'>...27-</span> 
     </span>
    </p>
   </div>
   <div class='ocr_carea' id='block_1_2' title="bbox 234 955 1483 2894">
    <p class='ocr_par' dir='ltr' id='par_1_2' title="bbox 237 955 1482 1259">
     <span class='ocr_line' id='line_1_2' title="bbox 238 955 1481 1039; baseline -0.003 -16"><span class='ocrx_word' id='word_1_2' title='bbox 238 960 284 1025; x_wconf 90' lang='lat' dir='ltr'><strong>rit</strong></span> <span class='ocrx_word' id='word_1_3' title='bbox 307 964 341 1024; x_wconf 87' lang='lat' dir='ltr'><strong>et</strong></span> <span class='ocrx_word' id='word_1_4' title='bbox 362 958 568 1037; x_wconf 76' lang='lat' dir='ltr'>laudaverit,</span> <span class='ocrx_word' id='word_1_5' title='bbox 590 958 631 1023; x_wconf 85' lang='lat' dir='ltr'><strong>ad</strong></span> <span class='ocrx_word' id='word_1_6' title='bbox 653 959 724 1023; x_wconf 91' lang='lat' dir='ltr'><strong>eius</strong></span> <span class='ocrx_word' id='word_1_7' title='bbox 746 956 902 1023; x_wconf 88' lang='lat' dir='ltr'><strong>iudicium</strong></span> <span class='ocrx_word' id='word_1_8' title='bbox 924 980 966 1021; x_wconf 90' lang='lat' dir='ltr'><strong>ne</strong></span> <span class='ocrx_word' id='word_1_9' title='bbox 987 955 1140 1035; x_wconf 87' lang='lat' dir='ltr'><strong>accedas,</strong></span> <span class='ocrx_word' id='word_1_10' title='bbox 1167 957 1301 1039; x_wconf 78' lang='lat' dir='ltr'><strong>ipseque</strong></span> <span class='ocrx_word' id='word_1_11' title='bbox 1322 955 1481 1039; x_wconf 82' lang='lat' dir='ltr'>linguam,</span> 
     </span>
     <span class='ocr_line' id='line_1_3' title="bbox 238 1064 1482 1151; baseline -0.003 -20"><span class='ocrx_word' id='word_1_12' title='bbox 238 1088 324 1149; x_wconf 88' lang='lat' dir='ltr'><strong>quae</strong></span> <span class='ocrx_word' id='word_1_13' title='bbox 344 1066 378 1131; x_wconf 91' lang='lat' dir='ltr'><strong>in</strong></span> <span class='ocrx_word' id='word_1_14' title='bbox 400 1066 552 1151; x_wconf 89' lang='lat' dir='ltr'><strong>populari</strong></span> <span class='ocrx_word' id='word_1_15' title='bbox 575 1068 704 1133; x_wconf 89' lang='lat' dir='ltr'><strong>trutina</strong></span> <span class='ocrx_word' id='word_1_16' title='bbox 726 1066 829 1131; x_wconf 86' lang='lat' dir='ltr'><strong>fallax</strong></span> <span class='ocrx_word' id='word_1_17' title='bbox 852 1072 917 1145; x_wconf 91' lang='lat' dir='ltr'><strong>est,</strong></span> <span class='ocrx_word' id='word_1_18' title='bbox 939 1084 1101 1145; x_wconf 76' lang='lat' dir='ltr'>exerceas,</span> <span class='ocrx_word' id='word_1_19' title='bbox 1122 1074 1157 1131; x_wconf 89' lang='lat' dir='ltr'><strong>et</strong></span> <span class='ocrx_word' id='word_1_20' title='bbox 1179 1084 1277 1147; x_wconf 88' lang='lat' dir='ltr'><strong>quam</strong></span> <span class='ocrx_word' id='word_1_21' title='bbox 1297 1064 1332 1127; x_wconf 92' lang='lat' dir='ltr'><strong>in</strong></span> <span class='ocrx_word' id='word_1_22' title='bbox 1354 1070 1482 1147; x_wconf 88' lang='lat' dir='ltr'><strong>partem</strong></span> 
     </span>
     <span class='ocr_line' id='line_1_4' title="bbox 237 1174 982 1259; baseline -0.003 -20"><span class='ocrx_word' id='word_1_23' title='bbox 237 1182 365 1259; x_wconf 83' lang='lat' dir='ltr'><strong>vergat,</strong></span> <span class='ocrx_word' id='word_1_24' title='bbox 387 1174 568 1249; x_wconf 81' lang='lat' dir='ltr'><strong>observes.“</strong></span> <span class='ocrx_word' id='word_1_25' title='bbox 979 1184 982 1193; x_wconf 88' lang='grc'><strong>“</strong></span> 
     </span>
    </p>

    <p class='ocr_par' dir='ltr' id='par_1_3' title="bbox 234 1281 1483 2894">
     <span class='ocr_line' id='line_1_5' title="bbox 319 1281 1483 1369; baseline -0.002 -20"><span class='ocrx_word' id='word_1_26' title='bbox 319 1306 350 1349; x_wconf 92' lang='lat' dir='ltr'><strong>v.</strong></span> <span class='ocrx_word' id='word_1_27' title='bbox 375 1290 424 1348; x_wconf 80' lang='grc'><strong>17.</strong></span> <span class='ocrx_word' id='word_1_28' title='bbox 471 1284 565 1369; x_wconf 84' lang='lat' dir='ltr'><strong>,Mp“</strong></span> <span class='ocrx_word' id='word_1_29' title='bbox 597 1291 632 1350; x_wconf 88' lang='lat' dir='ltr'><strong>et</strong></span> <span class='ocrx_word' id='word_1_30' title='bbox 664 1285 784 1365; x_wconf 84' lang='lat' dir='ltr'><strong>„Rom“</strong></span> <span class='ocrx_word' id='word_1_31' title='bbox 818 1285 984 1368; x_wconf 89' lang='lat' dir='ltr'><strong>ceterique</strong></span> <span class='ocrx_word' id='word_1_32' title='bbox 1015 1283 1142 1349; x_wconf 90' lang='lat' dir='ltr'><strong>codices</strong></span> <span class='ocrx_word' id='word_1_33' title='bbox 1171 1281 1322 1348; x_wconf 87' lang='lat' dir='ltr'><strong>meliores</strong></span> <span class='ocrx_word' id='word_1_34' title='bbox 1352 1302 1483 1347; x_wconf 88' lang='lat' dir='ltr'><strong>consen·</strong></span> 
     </span>
     <span class='ocr_line' id='line_1_6' title="bbox 235 1388 1480 1479; baseline -0.004 -19"><span class='ocrx_word' id='word_1_35' title='bbox 235 1394 327 1460; x_wconf 90' lang='lat' dir='ltr'><strong>tiunt</strong></span> <span class='ocrx_word' id='word_1_36' title='bbox 366 1394 399 1457; x_wconf 91' lang='lat' dir='ltr'><strong>in</strong></span> <span class='ocrx_word' id='word_1_37' title='bbox 435 1392 634 1459; x_wconf 86' lang='lat' dir='ltr'><strong>leotionibus</strong></span> <span class='ocrx_word' id='word_1_38' title='bbox 665 1394 815 1479; x_wconf 85' lang='lat' dir='ltr'><strong>„legens“</strong></span> <span class='ocrx_word' id='word_1_39' title='bbox 854 1414 1016 1475; x_wconf 89' lang='lat' dir='ltr'><strong>versuque</strong></span> <span class='ocrx_word' id='word_1_40' title='bbox 1051 1392 1239 1475; x_wconf 79' lang='lat' dir='ltr'><strong>insequenti</strong></span> <span class='ocrx_word' id='word_1_41' title='bbox 1279 1388 1480 1471; x_wconf 84' lang='lat' dir='ltr'><strong>„collueris.“</strong></span> 
     </span>
     <span class='ocr_line' id='line_1_7' title="bbox 236 1498 1481 1585; baseline -0.004 -18"><span class='ocrx_word' id='word_1_42' title='bbox 236 1502 397 1569; x_wconf 86' lang='lat' dir='ltr'><strong>Nonnulli</strong></span> <span class='ocrx_word' id='word_1_43' title='bbox 425 1502 603 1569; x_wconf 86' lang='lat' dir='ltr'><strong>deteriores</strong></span> <span class='ocrx_word' id='word_1_44' title='bbox 630 1504 730 1569; x_wconf 89' lang='lat' dir='ltr'><strong>litera</strong></span> <span class='ocrx_word' id='word_1_45' title='bbox 761 1504 819 1585; x_wconf 86' lang='lat' dir='ltr'><strong>„n“</strong></span> <span class='ocrx_word' id='word_1_46' title='bbox 852 1523 990 1567; x_wconf 86' lang='lat' dir='ltr'><strong>excussa</strong></span> <span class='ocrx_word' id='word_1_47' title='bbox 1020 1500 1170 1585; x_wconf 83' lang='lat' dir='ltr'><strong>„legens“</strong></span> <span class='ocrx_word' id='word_1_48' title='bbox 1205 1501 1238 1563; x_wconf 88' lang='lat' dir='ltr'><strong>in</strong></span> <span class='ocrx_word' id='word_1_49' title='bbox 1264 1498 1391 1582; x_wconf 87' lang='lat' dir='ltr'><strong>„leges“</strong></span> <span class='ocrx_word' id='word_1_50' title='bbox 1414 1519 1481 1563; x_wconf 91' lang='lat' dir='ltr'><strong>mu-</strong></span> 
     </span>
     <span class='ocr_line' id='line_1_8' title="bbox 236 1607 1482 1695; baseline -0.006 -17"><span class='ocrx_word' id='word_1_51' title='bbox 236 1618 370 1691; x_wconf 85' lang='lat' dir='ltr'><strong>tarunt,</strong></span> <span class='ocrx_word' id='word_1_52' title='bbox 392 1612 478 1694; x_wconf 89' lang='lat' dir='ltr'><strong>quod</strong></span> <span class='ocrx_word' id='word_1_53' title='bbox 501 1612 623 1695; x_wconf 89' lang='lat' dir='ltr'><strong>optime</strong></span> <span class='ocrx_word' id='word_1_54' title='bbox 645 1611 688 1677; x_wconf 91' lang='lat' dir='ltr'><strong>ad</strong></span> <span class='ocrx_word' id='word_1_55' title='bbox 713 1611 904 1693; x_wconf 85' lang='lat' dir='ltr'><strong>,collusris“</strong></span> <span class='ocrx_word' id='word_1_56' title='bbox 929 1609 1079 1693; x_wconf 85' lang='lat' dir='ltr'><strong>quadrat.</strong></span> <span class='ocrx_word' id='word_1_57' title='bbox 1121 1607 1235 1692; x_wconf 82' lang='lat' dir='ltr'><strong>Atque</strong></span> <span class='ocrx_word' id='word_1_58' title='bbox 1257 1608 1388 1673; x_wconf 89' lang='lat' dir='ltr'><strong>etiamsi</strong></span> <span class='ocrx_word' id='word_1_59' title='bbox 1411 1627 1482 1671; x_wconf 87' lang='lat' dir='ltr'><strong>con·</strong></span> 
     </span>
     <span class='ocr_line' id='line_1_9' title="bbox 236 1716 1482 1807; baseline -0.004 -22"><span class='ocrx_word' id='word_1_60' title='bbox 236 1720 417 1785; x_wconf 88' lang='lat' dir='ltr'><strong>cedendum</strong></span> <span class='ocrx_word' id='word_1_61' title='bbox 439 1722 498 1800; x_wconf 89' lang='lat' dir='ltr'><strong>sit,</strong></span> <span class='ocrx_word' id='word_1_62' title='bbox 529 1722 557 1785; x_wconf 90' lang='lat' dir='ltr'><strong>si</strong></span> <span class='ocrx_word' id='word_1_63' title='bbox 582 1720 731 1807; x_wconf 83' lang='lat' dir='ltr'><strong>„legens“</strong></span> <span class='ocrx_word' id='word_1_64' title='bbox 756 1722 975 1799; x_wconf 79' lang='lat' dir='ltr'><strong>retineamus,</strong></span> <span class='ocrx_word' id='word_1_65' title='bbox 1004 1719 1140 1783; x_wconf 88' lang='lat' dir='ltr'><strong>verbum</strong></span> <span class='ocrx_word' id='word_1_66' title='bbox 1167 1717 1298 1783; x_wconf 88' lang='lat' dir='ltr'><strong>finitum</strong></span> <span class='ocrx_word' id='word_1_67' title='bbox 1319 1738 1378 1782; x_wconf 89' lang='lat' dir='ltr'><strong>nos</strong></span> <span class='ocrx_word' id='word_1_68' title='bbox 1401 1716 1482 1781; x_wconf 85' lang='lat' dir='ltr'><strong>desi-</strong></span> 
     </span>
     <span class='ocr_line' id='line_1_10' title="bbox 236 1825 1481 1915; baseline -0.004 -22"><span class='ocrx_word' id='word_1_69' title='bbox 236 1828 349 1893; x_wconf 87' lang='lat' dir='ltr'><strong>derare</strong></span> <span class='ocrx_word' id='word_1_70' title='bbox 376 1828 616 1913; x_wconf 87' lang='lat' dir='ltr'><strong>lectionemque</strong></span> <span class='ocrx_word' id='word_1_71' title='bbox 648 1829 775 1915; x_wconf 86' lang='lat' dir='ltr'><strong>„loges“</strong></span> <span class='ocrx_word' id='word_1_72' title='bbox 806 1829 883 1894; x_wconf 90' lang='lat' dir='ltr'><strong>huic</strong></span> <span class='ocrx_word' id='word_1_73' title='bbox 913 1829 1042 1913; x_wconf 83' lang='lat' dir='ltr'><strong>inopiae</strong></span> <span class='ocrx_word' id='word_1_74' title='bbox 1071 1827 1155 1892; x_wconf 90' lang='lat' dir='ltr'><strong>bene</strong></span> <span class='ocrx_word' id='word_1_75' title='bbox 1185 1825 1329 1904; x_wconf 88' lang='lat' dir='ltr'><strong>mederi,</strong></span> <span class='ocrx_word' id='word_1_76' title='bbox 1369 1834 1481 1891; x_wconf 86' lang='lat' dir='ltr'><strong>tamen</strong></span> 
     </span>
     <span class='ocr_line' id='line_1_11' title="bbox 237 1932 1482 2022; baseline -0.005 -19"><span class='ocrx_word' id='word_1_77' title='bbox 237 1937 388 2003; x_wconf 89' lang='lat' dir='ltr'><strong>consulto</strong></span> <span class='ocrx_word' id='word_1_78' title='bbox 418 1959 491 2003; x_wconf 92' lang='lat' dir='ltr'><strong>cum</strong></span> <span class='ocrx_word' id='word_1_79' title='bbox 520 1939 574 2003; x_wconf 93' lang='lat' dir='ltr'><strong>hic</strong></span> <span class='ocrx_word' id='word_1_80' title='bbox 599 1939 811 2022; x_wconf 88' lang='lat' dir='ltr'><strong>participium</strong></span> <span class='ocrx_word' id='word_1_81' title='bbox 834 1944 975 2021; x_wconf 80' lang='lat' dir='ltr'><strong>aposta</strong></span> <span class='ocrx_word' id='word_1_82' title='bbox 996 1937 1139 2020; x_wconf 91' lang='lat' dir='ltr'><strong>positum</strong></span> <span class='ocrx_word' id='word_1_83' title='bbox 1161 1940 1232 2001; x_wconf 90' lang='lat' dir='ltr'><strong>tum</strong></span> <span class='ocrx_word' id='word_1_84' title='bbox 1254 1934 1391 1998; x_wconf 88' lang='lat' dir='ltr'><strong>verbum</strong></span> <span class='ocrx_word' id='word_1_85' title='bbox 1412 1932 1482 1997; x_wconf 88' lang='lat' dir='ltr'><strong>fini·</strong></span> 
     </span>
     <span class='ocr_line' id='line_1_12' title="bbox 236 2043 1482 2130; baseline -0.005 -19"><span class='ocrx_word' id='word_1_86' title='bbox 236 2052 308 2111; x_wconf 87' lang='lat' dir='ltr'><strong>tum</strong></span> <span class='ocrx_word' id='word_1_87' title='bbox 331 2047 486 2112; x_wconf 91' lang='lat' dir='ltr'><strong>omissum</strong></span> <span class='ocrx_word' id='word_1_88' title='bbox 516 2068 587 2113; x_wconf 89' lang='lat' dir='ltr'><strong>esse</strong></span> <span class='ocrx_word' id='word_1_89' title='bbox 619 2047 772 2113; x_wconf 89' lang='lat' dir='ltr'><strong>contendi</strong></span> <span class='ocrx_word' id='word_1_90' title='bbox 796 2054 923 2130; x_wconf 90' lang='lat' dir='ltr'><strong>potest,</strong></span> <span class='ocrx_word' id='word_1_91' title='bbox 953 2045 1108 2109; x_wconf 76' lang='lat' dir='ltr'><strong>videlicet</strong></span> <span class='ocrx_word' id='word_1_92' title='bbox 1137 2065 1199 2126; x_wconf 92' lang='lat' dir='ltr'><strong>quo</strong></span> <span class='ocrx_word' id='word_1_93' title='bbox 1230 2043 1482 2126; x_wconf 83' lang='lat' dir='ltr'><strong>descriptionem</strong></span> 
     </span>
     <span class='ocr_line' id='line_1_13' title="bbox 235 2150 1482 2239; baseline -0.002 -21"><span class='ocrx_word' id='word_1_94' title='bbox 235 2154 321 2218; x_wconf 91' lang='lat' dir='ltr'><strong>hanc</strong></span> <span class='ocrx_word' id='word_1_95' title='bbox 342 2156 483 2220; x_wconf 88' lang='lat' dir='ltr'><strong>bominis</strong></span> <span class='ocrx_word' id='word_1_96' title='bbox 505 2158 678 2222; x_wconf 81' lang='lat' dir='ltr'><strong>recitantis</strong></span> <span class='ocrx_word' id='word_1_97' title='bbox 701 2177 798 2239; x_wconf 92' lang='lat' dir='ltr'><strong>quam</strong></span> <span class='ocrx_word' id='word_1_98' title='bbox 821 2154 1060 2218; x_wconf 84' lang='lat' dir='ltr'><strong>viridissimam</strong></span> <span class='ocrx_word' id='word_1_99' title='bbox 1082 2152 1177 2217; x_wconf 88' lang='lat' dir='ltr'><strong>nobis</strong></span> <span class='ocrx_word' id='word_1_100' title='bbox 1199 2158 1277 2216; x_wconf 86' lang='lat' dir='ltr'><strong>ante</strong></span> <span class='ocrx_word' id='word_1_101' title='bbox 1300 2150 1411 2215; x_wconf 92' lang='lat' dir='ltr'><strong>oculos</strong></span> <span class='ocrx_word' id='word_1_102' title='bbox 1427 2171 1482 2233; x_wconf 90' lang='lat' dir='ltr'><strong>po·</strong></span> 
     </span>
     <span class='ocr_line' id='line_1_14' title="bbox 236 2258 1479 2347; baseline -0.003 -20"><span class='ocrx_word' id='word_1_103' title='bbox 236 2270 338 2329; x_wconf 88' lang='lat' dir='ltr'><strong>neret.</strong></span> <span class='ocrx_word' id='word_1_104' title='bbox 391 2264 526 2330; x_wconf 71' lang='lat' dir='ltr'><strong>Fortius</strong></span> <span class='ocrx_word' id='word_1_105' title='bbox 556 2267 618 2330; x_wconf 88' lang='lat' dir='ltr'><strong>etsi</strong></span> <span class='ocrx_word' id='word_1_106' title='bbox 647 2264 843 2329; x_wconf 86' lang='lat' dir='ltr'><strong>insolentius</strong></span> <span class='ocrx_word' id='word_1_107' title='bbox 872 2285 929 2347; x_wconf 91' lang='lat' dir='ltr'><strong>pro</strong></span> <span class='ocrx_word' id='word_1_108' title='bbox 960 2261 1135 2346; x_wconf 82' lang='lat' dir='ltr'><strong>participio</strong></span> <span class='ocrx_word' id='word_1_109' title='bbox 1157 2262 1269 2326; x_wconf 89' lang='lat' dir='ltr'><strong>futuro</strong></span> <span class='ocrx_word' id='word_1_110' title='bbox 1296 2258 1479 2339; x_wconf 59' lang='lat' dir='ltr'><strong>„lecturum</strong></span> 
     </span>
     <span class='ocr_line' id='line_1_15' title="bbox 235 2367 1480 2457; baseline -0.004 -21"><span class='ocrx_word' id='word_1_111' title='bbox 235 2371 270 2437; x_wconf 92' lang='lat' dir='ltr'><strong>id</strong></span> <span class='ocrx_word' id='word_1_112' title='bbox 298 2370 494 2457; x_wconf 79' lang='lat' dir='ltr'><strong>usurpatum</strong></span> <span class='ocrx_word' id='word_1_113' title='bbox 523 2375 643 2454; x_wconf 90' lang='lat' dir='ltr'><strong>videri,</strong></span> <span class='ocrx_word' id='word_1_114' title='bbox 676 2375 742 2439; x_wconf 91' lang='lat' dir='ltr'><strong>iam</strong></span> <span class='ocrx_word' id='word_1_115' title='bbox 770 2372 984 2438; x_wconf 81' lang='lat' dir='ltr'><strong>Schlueterus</strong></span> <span class='ocrx_word' id='word_1_116' title='bbox 1013 2370 1058 2454; x_wconf 81' lang='lat' dir='ltr'><strong>(p.</strong></span> <span class='ocrx_word' id='word_1_117' title='bbox 1083 2368 1147 2451; x_wconf 78' lang='lat'>25.)</span> <span class='ocrx_word' id='word_1_118' title='bbox 1177 2370 1315 2435; x_wconf 88' lang='lat' dir='ltr'><strong>monuit.</strong></span> <span class='ocrx_word' id='word_1_119' title='bbox 1367 2367 1480 2431; x_wconf 86' lang='lat' dir='ltr'><strong>Heinr.</strong></span> 
     </span>
     <span class='ocr_line' id='line_1_16' title="bbox 235 2479 1480 2568; baseline -0.002 -23"><span class='ocrx_word' id='word_1_120' title='bbox 235 2479 281 2565; x_wconf 92' lang='lat' dir='ltr'><strong>(p.</strong></span> <span class='ocrx_word' id='word_1_121' title='bbox 313 2481 377 2564; x_wconf 84' lang='lat'>81.)</span> <span class='ocrx_word' id='word_1_122' title='bbox 410 2482 519 2568; x_wconf 77' lang='lat' dir='ltr'><strong>„leget</strong></span> <span class='ocrx_word' id='word_1_123' title='bbox 541 2521 582 2530; x_wconf 90' lang='lat'>-</span> <span class='ocrx_word' id='word_1_124' title='bbox 605 2483 775 2555; x_wconf 88' lang='lat' dir='ltr'><strong>colluerit“</strong></span> <span class='ocrx_word' id='word_1_125' title='bbox 807 2482 968 2565; x_wconf 88' lang='lat' dir='ltr'><strong>praefert,</strong></span> <span class='ocrx_word' id='word_1_126' title='bbox 1000 2501 1071 2544; x_wconf 89' lang='lat' dir='ltr'><strong>cum</strong></span> <span class='ocrx_word' id='word_1_127' title='bbox 1106 2480 1208 2545; x_wconf 86' lang='lat' dir='ltr'><strong>tertia</strong></span> <span class='ocrx_word' id='word_1_128' title='bbox 1237 2499 1376 2562; x_wconf 83' lang='lat' dir='ltr'><strong>persona</strong></span> <span class='ocrx_word' id='word_1_129' title='bbox 1409 2497 1480 2543; x_wconf 87' lang='lat' dir='ltr'><strong>cou-</strong></span> 
     </span>
     <span class='ocr_line' id='line_1_17' title="bbox 237 2586 1483 2674; baseline -0.004 -20"><span class='ocrx_word' id='word_1_130' title='bbox 237 2590 454 2674; x_wconf 83' lang='lat' dir='ltr'><strong>tempt-ionem</strong></span> <span class='ocrx_word' id='word_1_131' title='bbox 479 2592 644 2673; x_wconf 86' lang='lat' dir='ltr'><strong>quondam</strong></span> <span class='ocrx_word' id='word_1_132' title='bbox 665 2592 797 2670; x_wconf 87' lang='lat' dir='ltr'><strong>habeat,</strong></span> <span class='ocrx_word' id='word_1_133' title='bbox 819 2599 920 2674; x_wconf 87' lang='lat' dir='ltr'><strong>atque</strong></span> <span class='ocrx_word' id='word_1_134' title='bbox 942 2591 975 2653; x_wconf 88' lang='lat' dir='ltr'><strong>in</strong></span> <span class='ocrx_word' id='word_1_135' title='bbox 992 2589 1268 2673; x_wconf 79' lang='lat' dir='ltr'><strong>comparationem</strong></span> <span class='ocrx_word' id='word_1_136' title='bbox 1284 2586 1483 2652; x_wconf 83' lang='lat' dir='ltr'><strong>vocathrmc</strong></span> 
     </span>
     <span class='ocr_line' id='line_1_18' title="bbox 234 2696 1480 2780; baseline -0.002 -19"><span class='ocrx_word' id='word_1_137' title='bbox 234 2696 341 2762; x_wconf 84' lang='lat' dir='ltr'><strong>locum</strong></span> <span class='ocrx_word' id='word_1_138' title='bbox 365 2720 439 2762; x_wconf 90' lang='lat' dir='ltr'><strong>oum</strong></span> <span class='ocrx_word' id='word_1_139' title='bbox 461 2707 523 2765; x_wconf 86' lang='lat' dir='ltr'><strong>sat.</strong></span> <span class='ocrx_word' id='word_1_140' title='bbox 545 2700 614 2777; x_wconf 89' lang='lat' dir='ltr'><strong>Ill,</strong></span> <span class='ocrx_word' id='word_1_141' title='bbox 636 2709 684 2780; x_wconf 64' lang='lat' dir='ltr'><strong>tt,</strong></span> <span class='ocrx_word' id='word_1_142' title='bbox 714 2700 770 2764; x_wconf 92' lang='lat' dir='ltr'><strong>ubi</strong></span> <span class='ocrx_word' id='word_1_143' title='bbox 791 2702 929 2764; x_wconf 84' lang='lat' dir='ltr'><strong>fonnem</strong></span> <span class='ocrx_word' id='word_1_144' title='bbox 954 2698 1180 2778; x_wconf 83' lang='lat' dir='ltr'><strong>„stertimus“,</strong></span> <span class='ocrx_word' id='word_1_145' title='bbox 1211 2718 1294 2779; x_wconf 89' lang='lat' dir='ltr'><strong>quae</strong></span> <span class='ocrx_word' id='word_1_146' title='bbox 1316 2697 1370 2761; x_wconf 88' lang='lat' dir='ltr'><strong>hio</strong></span> <span class='ocrx_word' id='word_1_147' title='bbox 1391 2715 1480 2778; x_wconf 88' lang='lat' dir='ltr'><strong>prae·</strong></span> 
     </span>
     <span class='ocr_line' id='line_1_19' title="bbox 237 2804 1479 2894; baseline -0.001 -25"><span class='ocrx_word' id='word_1_148' title='bbox 237 2804 366 2871; x_wconf 86' lang='lat' dir='ltr'><strong>cedenti</strong></span> <span class='ocrx_word' id='word_1_149' title='bbox 389 2808 599 2887; x_wconf 84' lang='lat' dir='ltr'><strong>„scribimus“</strong></span> <span class='ocrx_word' id='word_1_150' title='bbox 624 2816 799 2894; x_wconf 87' lang='lat' dir='ltr'><strong>congruat,</strong></span> <span class='ocrx_word' id='word_1_151' title='bbox 822 2830 852 2871; x_wconf 93' lang='lat' dir='ltr'><strong>v.</strong></span> <span class='ocrx_word' id='word_1_152' title='bbox 878 2815 925 2871; x_wconf 76' lang='lat'><strong>1⁶2.</strong></span> <span class='ocrx_word' id='word_1_153' title='bbox 949 2814 983 2872; x_wconf 89' lang='lat' dir='ltr'><strong>et</strong></span> <span class='ocrx_word' id='word_1_154' title='bbox 1007 2815 1055 2870; x_wconf 85' lang='lat'><strong>14.</strong></span> <span class='ocrx_word' id='word_1_155' title='bbox 1077 2813 1236 2889; x_wconf 87' lang='lat' dir='ltr'><strong>sequatur</strong></span> <span class='ocrx_word' id='word_1_156' title='bbox 1260 2804 1479 2888; x_wconf 84' lang='lat' dir='ltr'><strong>„quaeritur“.</strong></span> 
     </span>
    </p>
   </div>
   <div class='ocr_carea' id='block_1_3' title="bbox 144 2911 1480 3544">
    <p class='ocr_par' dir='ltr' id='par_1_4' title="bbox 186 2911 1479 3111">
     <span class='ocr_line' id='line_1_20' title="bbox 234 2911 1479 3000; baseline 0.001 -23"><span class='ocrx_word' id='word_1_157' title='bbox 234 2911 291 2978; x_wconf 88' lang='lat' dir='ltr'><strong>Ita</strong></span> <span class='ocrx_word' id='word_1_158' title='bbox 310 2914 424 2979; x_wconf 86' lang='lat' dir='ltr'><strong>Heinr.</strong></span> <span class='ocrx_word' id='word_1_159' title='bbox 447 2918 577 3000; x_wconf 89' lang='lat' dir='ltr'><strong>saepius</strong></span> <span class='ocrx_word' id='word_1_160' title='bbox 600 2918 746 2982; x_wconf 86' lang='lat' dir='ltr'><strong>codicum</strong></span> <span class='ocrx_word' id='word_1_161' title='bbox 768 2918 1002 2983; x_wconf 85' lang='lat' dir='ltr'><strong>auctoritatem</strong></span> <span class='ocrx_word' id='word_1_162' title='bbox 1024 2937 1157 2999; x_wconf 87' lang='lat' dir='ltr'><strong>prorsus</strong></span> <span class='ocrx_word' id='word_1_163' title='bbox 1169 2915 1326 3000; x_wconf 84' lang='lat' dir='ltr'><strong>neglexit,</strong></span> <span class='ocrx_word' id='word_1_164' title='bbox 1347 2914 1381 2978; x_wconf 88' lang='lat' dir='ltr'><strong>id</strong></span> <span class='ocrx_word' id='word_1_165' title='bbox 1392 2913 1479 2998; x_wconf 90' lang='lat' dir='ltr'><strong>quod</strong></span> 
     </span>
     <span class='ocr_line' id='line_1_21' title="bbox 186 3020 920 3111; baseline 0.003 -25"><span class='ocrx_word' id='word_1_166' title='bbox 186 3062 188 3067; x_wconf 93' lang='lat'>-</span> <span class='ocrx_word' id='word_1_167' title='bbox 236 3020 411 3088; x_wconf 89' lang='lat' dir='ltr'><strong>dilucidius</strong></span> <span class='ocrx_word' id='word_1_168' title='bbox 432 3026 669 3111; x_wconf 83' lang='lat' dir='ltr'><strong>intelleginon</strong></span> <span class='ocrx_word' id='word_1_169' title='bbox 690 3032 801 3111; x_wconf 87' lang='lat' dir='ltr'><strong>potest</strong></span> <span class='ocrx_word' id='word_1_170' title='bbox 823 3047 920 3109; x_wconf 89' lang='lat' dir='ltr'><strong>quam</strong></span> 
     </span>
    </p>

    <p class='ocr_par' dir='ltr' id='par_1_5' title="bbox 144 3131 1480 3544">
     <span class='ocr_line' id='line_1_22' title="bbox 318 3131 1478 3220; baseline 0.002 -25"><span class='ocrx_word' id='word_1_171' title='bbox 318 3154 348 3195; x_wconf 91' lang='lat' dir='ltr'><strong>v.</strong></span> <span class='ocrx_word' id='word_1_172' title='bbox 368 3140 427 3213; x_wconf 80' lang='lat'><strong>21,</strong></span> <span class='ocrx_word' id='word_1_173' title='bbox 450 3155 513 3217; x_wconf 90' lang='lat' dir='ltr'><strong>quo</strong></span> <span class='ocrx_word' id='word_1_174' title='bbox 534 3134 607 3201; x_wconf 87' lang='lat' dir='ltr'><strong>loco</strong></span> <span class='ocrx_word' id='word_1_175' title='bbox 627 3156 685 3219; x_wconf 91' lang='lat' dir='ltr'><strong>pro</strong></span> <span class='ocrx_word' id='word_1_176' title='bbox 707 3136 849 3220; x_wconf 88' lang='lat' dir='ltr'><strong>genuino</strong></span> <span class='ocrx_word' id='word_1_177' title='bbox 875 3134 969 3214; x_wconf 86' lang='lat' dir='ltr'><strong>„ubi“</strong></span> <span class='ocrx_word' id='word_1_178' title='bbox 994 3134 1123 3216; x_wconf 88' lang='lat' dir='ltr'><strong>aliquot</strong></span> <span class='ocrx_word' id='word_1_179' title='bbox 1143 3131 1303 3197; x_wconf 90' lang='lat' dir='ltr'><strong>librorum</strong></span> <span class='ocrx_word' id='word_1_180' title='bbox 1324 3133 1478 3215; x_wconf 86' lang='lat' dir='ltr'><strong>deprava-</strong></span> 
     </span>
     <span class='ocr_line' id='line_1_23' title="bbox 235 3241 1480 3328; baseline 0.002 -23"><span class='ocrx_word' id='word_1_181' title='bbox 235 3247 305 3305; x_wconf 85' lang='lat' dir='ltr'><strong>tam</strong></span> <span class='ocrx_word' id='word_1_182' title='bbox 326 3243 500 3308; x_wconf 89' lang='lat' dir='ltr'><strong>leotionem</strong></span> <span class='ocrx_word' id='word_1_183' title='bbox 525 3246 600 3323; x_wconf 87' lang='lat' dir='ltr'><strong>„ut“</strong></span> <span class='ocrx_word' id='word_1_184' title='bbox 624 3245 767 3328; x_wconf 89' lang='lat' dir='ltr'><strong>recipere</strong></span> <span class='ocrx_word' id='word_1_185' title='bbox 790 3250 928 3308; x_wconf 88' lang='lat' dir='ltr'><strong>conatus</strong></span> <span class='ocrx_word' id='word_1_186' title='bbox 950 3250 1017 3322; x_wconf 91' lang='lat' dir='ltr'><strong>est,</strong></span> <span class='ocrx_word' id='word_1_187' title='bbox 1046 3241 1139 3306; x_wconf 88' lang='lat' dir='ltr'><strong>nulla</strong></span> <span class='ocrx_word' id='word_1_188' title='bbox 1161 3262 1261 3307; x_wconf 88' lang='lat' dir='ltr'><strong>causa</strong></span> <span class='ocrx_word' id='word_1_189' title='bbox 1289 3246 1480 3321; x_wconf 86' lang='lat' dir='ltr'><strong>commotus,</strong></span> 
     </span>
     <span class='ocr_line' id='line_1_24' title="bbox 144 3349 874 3447; baseline 0.005 -34"><span class='ocrx_word' id='word_1_190' title='bbox 144 3440 147 3447; x_wconf 27' lang='grc' dir='ltr'>Ι</span> <span class='ocrx_word' id='word_1_191' title='bbox 235 3349 300 3414; x_wconf 93' lang='lat' dir='ltr'><strong>nisi</strong></span> <span class='ocrx_word' id='word_1_192' title='bbox 322 3351 407 3433; x_wconf 91' lang='lat' dir='ltr'><strong>quod</strong></span> <span class='ocrx_word' id='word_1_193' title='bbox 429 3373 468 3416; x_wconf 88' lang='lat' dir='ltr'><strong>ea</strong></span> <span class='ocrx_word' id='word_1_194' title='bbox 488 3375 523 3417; x_wconf 91' lang='lat' dir='ltr'><strong>re</strong></span> <span class='ocrx_word' id='word_1_195' title='bbox 545 3352 638 3418; x_wconf 88' lang='lat' dir='ltr'><strong>elisio</strong></span> <span class='ocrx_word' id='word_1_196' title='bbox 660 3352 809 3418; x_wconf 86' lang='lat' dir='ltr'><strong>tollatur.</strong></span> <span class='ocrx_word' id='word_1_197' title='bbox 872 3383 874 3387; x_wconf 94' lang='lat'>·</span> 
     </span>
     <span class='ocr_line' id='line_1_25' title="bbox 319 3460 1478 3544; baseline 0.003 -23"><span class='ocrx_word' id='word_1_198' title='bbox 319 3480 348 3521; x_wconf 86' lang='lat' dir='ltr'><strong>v.</strong></span> <span class='ocrx_word' id='word_1_199' title='bbox 373 3466 421 3522; x_wconf 81' lang='lat'><strong>24.</strong></span> <span class='ocrx_word' id='word_1_200' title='bbox 465 3460 609 3526; x_wconf 88' lang='lat' dir='ltr'><strong>Multum</strong></span> <span class='ocrx_word' id='word_1_201' title='bbox 638 3462 671 3525; x_wconf 93' lang='lat' dir='ltr'><strong>in</strong></span> <span class='ocrx_word' id='word_1_202' title='bbox 701 3468 1025 3543; x_wconf 86' lang='lat' dir='ltr'><strong>utramquepartem</strong></span> <span class='ocrx_word' id='word_1_203' title='bbox 1048 3461 1089 3525; x_wconf 90' lang='lat' dir='ltr'><strong>ab</strong></span> <span class='ocrx_word' id='word_1_204' title='bbox 1112 3461 1349 3544; x_wconf 87' lang='lat' dir='ltr'><strong>interpretibus</strong></span> <span class='ocrx_word' id='word_1_205' title='bbox 1371 3460 1478 3543; x_wconf 88' lang='lat' dir='ltr'><strong>dispu-</strong></span> 
     </span>
    </p>
   </div>
   <div class='ocr_carea' id='block_1_4' title="bbox 232 3568 1479 5078">
    <p class='ocr_par' dir='ltr' id='par_1_6' title="bbox 232 3568 1479 5078">
     <span class='ocr_line' id='line_1_26' title="bbox 234 3568 1479 3653; baseline 0.003 -22"><span class='ocrx_word' id='word_1_206' title='bbox 234 3572 342 3632; x_wconf 88' lang='lat' dir='ltr'><strong>tatum</strong></span> <span class='ocrx_word' id='word_1_207' title='bbox 364 3576 424 3647; x_wconf 89' lang='lat' dir='ltr'><strong>est,</strong></span> <span class='ocrx_word' id='word_1_208' title='bbox 447 3577 558 3635; x_wconf 89' lang='lat' dir='ltr'><strong>utrmn</strong></span> <span class='ocrx_word' id='word_1_209' title='bbox 581 3572 787 3635; x_wconf 88' lang='lat' dir='ltr'><strong>scribendum</strong></span> <span class='ocrx_word' id='word_1_210' title='bbox 811 3571 867 3635; x_wconf 91' lang='lat' dir='ltr'><strong>sit:</strong></span> <span class='ocrx_word' id='word_1_211' title='bbox 894 3592 976 3653; x_wconf 93' lang='lat' dir='ltr'><strong>„quo</strong></span> <span class='ocrx_word' id='word_1_212' title='bbox 999 3570 1171 3635; x_wconf 84' lang='lat' dir='ltr'><strong>didicisse“</strong></span> <span class='ocrx_word' id='word_1_213' title='bbox 1195 3591 1237 3633; x_wconf 90' lang='lat' dir='ltr'><strong>an</strong></span> <span class='ocrx_word' id='word_1_214' title='bbox 1262 3569 1390 3651; x_wconf 81' lang='lat' dir='ltr'><strong>„quid“.</strong></span> <span class='ocrx_word' id='word_1_215' title='bbox 1421 3568 1479 3635; x_wconf 81' lang='lat' dir='ltr'><strong>Oo-</strong></span> 
     </span>
     <span class='ocr_line' id='line_1_27' title="bbox 234 3675 1476 3763; baseline 0.004 -25"><span class='ocrx_word' id='word_1_216' title='bbox 234 3675 343 3740; x_wconf 88' lang='lat' dir='ltr'><strong>dieum</strong></span> <span class='ocrx_word' id='word_1_217' title='bbox 365 3679 451 3743; x_wconf 88' lang='lat' dir='ltr'><strong>ratio</strong></span> <span class='ocrx_word' id='word_1_218' title='bbox 474 3680 567 3743; x_wconf 88' lang='lat' dir='ltr'><strong>haec:</strong></span> <span class='ocrx_word' id='word_1_219' title='bbox 593 3679 714 3760; x_wconf 86' lang='lat' dir='ltr'><strong>„Rom“</strong></span> <span class='ocrx_word' id='word_1_220' title='bbox 745 3679 893 3763; x_wconf 85' lang='lat' dir='ltr'><strong>praebet:</strong></span> <span class='ocrx_word' id='word_1_221' title='bbox 917 3679 990 3762; x_wconf 88' lang='lat' dir='ltr'><strong>pd“,</strong></span> <span class='ocrx_word' id='word_1_222' title='bbox 1014 3677 1109 3762; x_wconf 83' lang='lat' dir='ltr'><strong>,Mp“</strong></span> <span class='ocrx_word' id='word_1_223' title='bbox 1133 3678 1247 3743; x_wconf 88' lang='lat' dir='ltr'><strong>etalii</strong></span> <span class='ocrx_word' id='word_1_224' title='bbox 1272 3678 1407 3761; x_wconf 84' lang='lat' dir='ltr'><strong>„quod“,</strong></span> <span class='ocrx_word' id='word_1_225' title='bbox 1429 3698 1476 3743; x_wconf 87' lang='lat' dir='ltr'><strong>ce·</strong></span> 
     </span>
     <span class='ocr_line' id='line_1_28' title="bbox 234 3784 1478 3874; baseline 0.004 -28"><span class='ocrx_word' id='word_1_226' title='bbox 234 3784 297 3847; x_wconf 87' lang='lat' dir='ltr'><strong>teri</strong></span> <span class='ocrx_word' id='word_1_227' title='bbox 320 3786 495 3866; x_wconf 85' lang='lat' dir='ltr'><strong>permixte:</strong></span> <span class='ocrx_word' id='word_1_228' title='bbox 521 3787 637 3869; x_wconf 89' lang='lat' dir='ltr'><strong>„quid“</strong></span> <span class='ocrx_word' id='word_1_229' title='bbox 663 3799 696 3852; x_wconf 90' lang='lat' dir='ltr'><strong>et</strong></span> <span class='ocrx_word' id='word_1_230' title='bbox 720 3789 834 3871; x_wconf 87' lang='lat' dir='ltr'><strong>„quo“.</strong></span> <span class='ocrx_word' id='word_1_231' title='bbox 863 3788 934 3853; x_wconf 89' lang='lat' dir='ltr'><strong>Hoc</strong></span> <span class='ocrx_word' id='word_1_232' title='bbox 956 3790 1061 3874; x_wconf 84' lang='lat' dir='ltr'><strong>igitur</strong></span> <span class='ocrx_word' id='word_1_233' title='bbox 1083 3789 1212 3853; x_wconf 90' lang='lat' dir='ltr'><strong>omnino</strong></span> <span class='ocrx_word' id='word_1_234' title='bbox 1235 3787 1412 3853; x_wconf 87' lang='lat' dir='ltr'><strong>tenendum</strong></span> <span class='ocrx_word' id='word_1_235' title='bbox 1432 3789 1478 3851; x_wconf 91' lang='lat' dir='ltr'><strong>vi-</strong></span> 
     </span>
     <span class='ocr_line' id='line_1_29' title="bbox 234 3891 1477 3979; baseline 0.005 -24"><span class='ocrx_word' id='word_1_236' title='bbox 234 3891 344 3971; x_wconf 89' lang='lat' dir='ltr'><strong>detur,</strong></span> <span class='ocrx_word' id='word_1_237' title='bbox 374 3895 588 3979; x_wconf 85' lang='lat' dir='ltr'><strong>archetypum</strong></span> <span class='ocrx_word' id='word_1_238' title='bbox 615 3897 685 3961; x_wconf 88' lang='lat' dir='ltr'><strong>sine</strong></span> <span class='ocrx_word' id='word_1_239' title='bbox 708 3896 806 3962; x_wconf 92' lang='lat' dir='ltr'><strong>dubio</strong></span> <span class='ocrx_word' id='word_1_240' title='bbox 829 3897 959 3967; x_wconf 86' lang='lat' dir='ltr'><strong>literam</strong></span> <span class='ocrx_word' id='word_1_241' title='bbox 985 3897 1043 3978; x_wconf 89' lang='lat' dir='ltr'><strong>„d“</strong></span> <span class='ocrx_word' id='word_1_242' title='bbox 1068 3904 1284 3975; x_wconf 88' lang='lat' dir='ltr'><strong>monstrasse,</strong></span> <span class='ocrx_word' id='word_1_243' title='bbox 1314 3903 1415 3979; x_wconf 89' lang='lat' dir='ltr'><strong>atque</strong></span> <span class='ocrx_word' id='word_1_244' title='bbox 1437 3916 1477 3961; x_wconf 84' lang='lat' dir='ltr'><strong>ex</strong></span> 
     </span>
     <span class='ocr_line' id='line_1_30' title="bbox 233 4004 1477 4089; baseline 0.006 -27"><span class='ocrx_word' id='word_1_245' title='bbox 233 4020 296 4064; x_wconf 90' lang='lat' dir='ltr'><strong>usu</strong></span> <span class='ocrx_word' id='word_1_246' title='bbox 317 4007 523 4068; x_wconf 91' lang='lat' dir='ltr'><strong>vetustorum</strong></span> <span class='ocrx_word' id='word_1_247' title='bbox 545 4004 768 4082; x_wconf 86' lang='lat' dir='ltr'><strong>librariorum,</strong></span> <span class='ocrx_word' id='word_1_248' title='bbox 800 4006 857 4088; x_wconf 89' lang='lat' dir='ltr'><strong>qui</strong></span> <span class='ocrx_word' id='word_1_249' title='bbox 878 4006 1038 4089; x_wconf 81' lang='lat' dir='ltr'><strong>imprimis</strong></span> <span class='ocrx_word' id='word_1_250' title='bbox 1064 4008 1097 4069; x_wconf 89' lang='lat' dir='ltr'><strong>in</strong></span> <span class='ocrx_word' id='word_1_251' title='bbox 1124 4004 1370 4088; x_wconf 87' lang='lat' dir='ltr'><strong>pronominibus</strong></span> <span class='ocrx_word' id='word_1_252' title='bbox 1396 4005 1477 4070; x_wconf 88' lang='lat' dir='ltr'><strong>rela-</strong></span> 
     </span>
     <span class='ocr_line' id='line_1_31' title="bbox 233 4108 1474 4197; baseline 0.006 -26"><span class='ocrx_word' id='word_1_253' title='bbox 233 4108 314 4173; x_wconf 88' lang='lat' dir='ltr'><strong>tivis</strong></span> <span class='ocrx_word' id='word_1_254' title='bbox 335 4131 401 4175; x_wconf 87' lang='lat' dir='ltr'><strong>non</strong></span> <span class='ocrx_word' id='word_1_255' title='bbox 422 4114 531 4178; x_wconf 90' lang='lat' dir='ltr'><strong>omnia</strong></span> <span class='ocrx_word' id='word_1_256' title='bbox 552 4114 649 4197; x_wconf 90' lang='lat' dir='ltr'><strong>plane</strong></span> <span class='ocrx_word' id='word_1_257' title='bbox 672 4114 855 4179; x_wconf 87' lang='lat' dir='ltr'><strong>exscribere</strong></span> <span class='ocrx_word' id='word_1_258' title='bbox 878 4114 1039 4194; x_wconf 86' lang='lat' dir='ltr'><strong>solebant,</strong></span> <span class='ocrx_word' id='word_1_259' title='bbox 1061 4137 1100 4179; x_wconf 89' lang='lat' dir='ltr'><strong>ea</strong></span> <span class='ocrx_word' id='word_1_260' title='bbox 1121 4116 1249 4180; x_wconf 89' lang='lat' dir='ltr'><strong>ratione</strong></span> <span class='ocrx_word' id='word_1_261' title='bbox 1266 4115 1399 4181; x_wconf 88' lang='lat' dir='ltr'><strong>literam</strong></span> <span class='ocrx_word' id='word_1_262' title='bbox 1416 4114 1474 4196; x_wconf 86' lang='lat' dir='ltr'><strong>„d“</strong></span> 
     </span>
     <span class='ocr_line' id='line_1_32' title="bbox 234 4215 1474 4308; baseline 0.008 -29"><span class='ocrx_word' id='word_1_263' title='bbox 234 4215 449 4300; x_wconf 85' lang='lat' dir='ltr'><strong>adscriptam,</strong></span> <span class='ocrx_word' id='word_1_264' title='bbox 472 4241 570 4303; x_wconf 91' lang='lat' dir='ltr'><strong>quam</strong></span> <span class='ocrx_word' id='word_1_265' title='bbox 591 4223 624 4285; x_wconf 91' lang='lat' dir='ltr'><strong>in</strong></span> <span class='ocrx_word' id='word_1_266' title='bbox 649 4222 769 4304; x_wconf 85' lang='lat' dir='ltr'><strong>„Rom“</strong></span> <span class='ocrx_word' id='word_1_267' title='bbox 794 4224 1003 4289; x_wconf 84' lang='lat' dir='ltr'><strong>observatam</strong></span> <span class='ocrx_word' id='word_1_268' title='bbox 1026 4224 1182 4289; x_wconf 88' lang='lat' dir='ltr'><strong>videmus.</strong></span> <span class='ocrx_word' id='word_1_269' title='bbox 1228 4224 1355 4290; x_wconf 81' lang='lat' dir='ltr'><strong>Codicis</strong></span> <span class='ocrx_word' id='word_1_270' title='bbox 1380 4224 1474 4308; x_wconf 87' lang='lat' dir='ltr'><strong>„Mp“</strong></span> 
     </span>
     <span class='ocr_line' id='line_1_33' title="bbox 232 4324 1477 4419; baseline 0.009 -31"><span class='ocrx_word' id='word_1_271' title='bbox 232 4324 388 4391; x_wconf 89' lang='lat' dir='ltr'><strong>librarius</strong></span> <span class='ocrx_word' id='word_1_272' title='bbox 410 4329 485 4392; x_wconf 90' lang='lat' dir='ltr'><strong>inde</strong></span> <span class='ocrx_word' id='word_1_273' title='bbox 508 4352 675 4414; x_wconf 90' lang='lat' dir='ltr'><strong>perperam</strong></span> <span class='ocrx_word' id='word_1_274' title='bbox 701 4333 824 4414; x_wconf 77' lang='lat' dir='ltr'><strong>„quod‘</strong></span> <span class='ocrx_word' id='word_1_275' title='bbox 849 4340 995 4397; x_wconf 85' lang='lat' dir='ltr'><strong>mutasse</strong></span> <span class='ocrx_word' id='word_1_276' title='bbox 1017 4334 1157 4414; x_wconf 89' lang='lat' dir='ltr'><strong>videtur,</strong></span> <span class='ocrx_word' id='word_1_277' title='bbox 1180 4356 1219 4397; x_wconf 82' lang='lat' dir='ltr'><strong>ex</strong></span> <span class='ocrx_word' id='word_1_278' title='bbox 1243 4355 1306 4417; x_wconf 91' lang='lat' dir='ltr'><strong>quo</strong></span> <span class='ocrx_word' id='word_1_279' title='bbox 1321 4335 1477 4419; x_wconf 85' lang='lat' dir='ltr'><strong>posterio</strong></span> 
     </span>
     <span class='ocr_line' id='line_1_34' title="bbox 233 4434 1476 4528; baseline 0.009 -32"><span class='ocrx_word' id='word_1_280' title='bbox 233 4454 285 4496; x_wconf 87' lang='lat' dir='ltr'><strong>res</strong></span> <span class='ocrx_word' id='word_1_281' title='bbox 308 4434 366 4515; x_wconf 83' lang='lat' dir='ltr'><strong>„d“</strong></span> <span class='ocrx_word' id='word_1_282' title='bbox 390 4435 489 4501; x_wconf 87' lang='lat' dir='ltr'><strong>litera</strong></span> <span class='ocrx_word' id='word_1_283' title='bbox 511 4439 620 4505; x_wconf 90' lang='lat' dir='ltr'><strong>deleta</strong></span> <span class='ocrx_word' id='word_1_284' title='bbox 644 4442 745 4524; x_wconf 84' lang='lat' dir='ltr'><strong>„quo“</strong></span> <span class='ocrx_word' id='word_1_285' title='bbox 770 4442 928 4506; x_wconf 84' lang='lat' dir='ltr'><strong>fecerunt.</strong></span> <span class='ocrx_word' id='word_1_286' title='bbox 973 4443 1207 4523; x_wconf 70' lang='lat' dir='ltr'><strong>Quamobrem,</strong></span> <span class='ocrx_word' id='word_1_287' title='bbox 1237 4445 1265 4507; x_wconf 82' lang='lat' dir='ltr'><strong>si</strong></span> <span class='ocrx_word' id='word_1_288' title='bbox 1287 4444 1418 4528; x_wconf 89' lang='lat' dir='ltr'><strong>quidem</strong></span> <span class='ocrx_word' id='word_1_289' title='bbox 1439 4444 1476 4507; x_wconf 94' lang='lat' dir='ltr'><strong>li·</strong></span> 
     </span>
     <span class='ocr_line' id='line_1_35' title="bbox 232 4545 1476 4633; baseline 0.01 -27"><span class='ocrx_word' id='word_1_290' title='bbox 232 4547 338 4607; x_wconf 88' lang='lat' dir='ltr'><strong>teram</strong></span> <span class='ocrx_word' id='word_1_291' title='bbox 362 4545 420 4624; x_wconf 86' lang='lat' dir='ltr'><strong>„d“</strong></span> <span class='ocrx_word' id='word_1_292' title='bbox 444 4546 616 4633; x_wconf 87' lang='lat' dir='ltr'><strong>archetypi</strong></span> <span class='ocrx_word' id='word_1_293' title='bbox 637 4551 742 4616; x_wconf 91' lang='lat' dir='ltr'><strong>tutari</strong></span> <span class='ocrx_word' id='word_1_294' title='bbox 764 4550 934 4630; x_wconf 88' lang='lat' dir='ltr'><strong>volumus,</strong></span> <span class='ocrx_word' id='word_1_295' title='bbox 956 4572 997 4615; x_wconf 88' lang='lat' dir='ltr'><strong>ne</strong></span> <span class='ocrx_word' id='word_1_296' title='bbox 1020 4552 1126 4617; x_wconf 89' lang='lat' dir='ltr'><strong>dicam</strong></span> <span class='ocrx_word' id='word_1_297' title='bbox 1148 4554 1254 4618; x_wconf 88' lang='lat' dir='ltr'><strong>coacti</strong></span> <span class='ocrx_word' id='word_1_298' title='bbox 1276 4575 1408 4633; x_wconf 89' lang='lat' dir='ltr'><strong>sumus,</strong></span> <span class='ocrx_word' id='word_1_299' title='bbox 1430 4555 1476 4619; x_wconf 90' lang='lat' dir='ltr'><strong>ni·</strong></span> 
     </span>
     <span class='ocr_line' id='line_1_36' title="bbox 233 4649 1476 4745; baseline 0.014 -32"><span class='ocrx_word' id='word_1_300' title='bbox 233 4649 280 4713; x_wconf 88' lang='lat' dir='ltr'><strong>hil</strong></span> <span class='ocrx_word' id='word_1_301' title='bbox 303 4661 468 4735; x_wconf 87' lang='lat' dir='ltr'><strong>superest,</strong></span> <span class='ocrx_word' id='word_1_302' title='bbox 505 4677 601 4738; x_wconf 91' lang='lat' dir='ltr'><strong>quam</strong></span> <span class='ocrx_word' id='word_1_303' title='bbox 633 4668 669 4723; x_wconf 93' lang='lat' dir='ltr'><strong>ut</strong></span> <span class='ocrx_word' id='word_1_304' title='bbox 693 4658 808 4741; x_wconf 81' lang='lat' dir='ltr'><strong>„quid“</strong></span> <span class='ocrx_word' id='word_1_305' title='bbox 833 4659 1061 4740; x_wconf 84' lang='lat' dir='ltr'><strong>defendamus,</strong></span> <span class='ocrx_word' id='word_1_306' title='bbox 1092 4684 1165 4725; x_wconf 90' lang='lat' dir='ltr'><strong>cum</strong></span> <span class='ocrx_word' id='word_1_307' title='bbox 1192 4662 1315 4745; x_wconf 85' lang='lat' dir='ltr'><strong>„quod“</strong></span> <span class='ocrx_word' id='word_1_308' title='bbox 1345 4665 1476 4730; x_wconf 88' lang='lat' dir='ltr'><strong>omnino</strong></span> 
     </span>
     <span class='ocr_line' id='line_1_37' title="bbox 233 4758 1476 4853; baseline 0.015 -32"><span class='ocrx_word' id='word_1_309' title='bbox 233 4758 392 4842; x_wconf 83' lang='lat' dir='ltr'><strong>explicari</strong></span> <span class='ocrx_word' id='word_1_310' title='bbox 413 4774 565 4845; x_wconf 88' lang='lat' dir='ltr'><strong>nequeat.</strong></span> <span class='ocrx_word' id='word_1_311' title='bbox 609 4768 694 4832; x_wconf 74' lang='lat' dir='ltr'><strong>Sane</strong></span> <span class='ocrx_word' id='word_1_312' title='bbox 716 4768 826 4846; x_wconf 82' lang='lat' dir='ltr'><strong>Iahm,</strong></span> <span class='ocrx_word' id='word_1_313' title='bbox 864 4789 938 4832; x_wconf 91' lang='lat' dir='ltr'><strong>cum</strong></span> <span class='ocrx_word' id='word_1_314' title='bbox 969 4773 1169 4853; x_wconf 88' lang='lat' dir='ltr'><strong>pronominis</strong></span> <span class='ocrx_word' id='word_1_315' title='bbox 1196 4773 1330 4838; x_wconf 87' lang='lat' dir='ltr'><strong>relativi</strong></span> <span class='ocrx_word' id='word_1_316' title='bbox 1352 4777 1476 4840; x_wconf 82' lang='lat' dir='ltr'><strong>ferinae</strong></span> 
     </span>
     <span class='ocr_line' id='line_1_38' title="bbox 233 4866 1475 4965; baseline 0.014 -34"><span class='ocrx_word' id='word_1_317' title='bbox 233 4866 382 4933; x_wconf 86' lang='lat' dir='ltr'><strong>diversae</strong></span> <span class='ocrx_word' id='word_1_318' title='bbox 406 4890 532 4956; x_wconf 87' lang='lat' dir='ltr'><strong>semper</strong></span> <span class='ocrx_word' id='word_1_319' title='bbox 555 4882 588 4939; x_wconf 91' lang='lat' dir='ltr'><strong>et</strong></span> <span class='ocrx_word' id='word_1_320' title='bbox 610 4875 732 4959; x_wconf 88' lang='lat' dir='ltr'><strong>ubique</strong></span> <span class='ocrx_word' id='word_1_321' title='bbox 755 4879 789 4941; x_wconf 91' lang='lat' dir='ltr'><strong>in</strong></span> <span class='ocrx_word' id='word_1_322' title='bbox 813 4878 981 4943; x_wconf 88' lang='lat' dir='ltr'><strong>codicibus</strong></span> <span class='ocrx_word' id='word_1_323' title='bbox 1003 4881 1255 4961; x_wconf 87' lang='lat' dir='ltr'><strong>confundantur,</strong></span> <span class='ocrx_word' id='word_1_324' title='bbox 1279 4883 1395 4965; x_wconf 89' lang='lat' dir='ltr'><strong>„quid“</strong></span> <span class='ocrx_word' id='word_1_325' title='bbox 1420 4906 1475 4949; x_wconf 89' lang='lat' dir='ltr'><strong>au-</strong></span> 
     </span>
     <span class='ocr_line' id='line_1_39' title="bbox 232 4982 1474 5078; baseline 0.015 -39"><span class='ocrx_word' id='word_1_326' title='bbox 232 4983 299 5040; x_wconf 90' lang='lat' dir='ltr'><strong>tem</strong></span> <span class='ocrx_word' id='word_1_327' title='bbox 322 4985 355 5043; x_wconf 93' lang='lat' dir='ltr'><strong>et</strong></span> <span class='ocrx_word' id='word_1_328' title='bbox 380 4982 480 5062; x_wconf 85' lang='lat' dir='ltr'><strong>„quo“</strong></span> <span class='ocrx_word' id='word_1_329' title='bbox 506 4984 636 5066; x_wconf 88' lang='lat' dir='ltr'><strong>saepius</strong></span> <span class='ocrx_word' id='word_1_330' title='bbox 658 4986 745 5051; x_wconf 87' lang='lat' dir='ltr'><strong>inter</strong></span> <span class='ocrx_word' id='word_1_331' title='bbox 767 5008 801 5050; x_wconf 86' lang='lat' dir='ltr'><strong>se</strong></span> <span class='ocrx_word' id='word_1_332' title='bbox 818 4996 1071 5069; x_wconf 89' lang='lat' dir='ltr'><strong>commutentur,</strong></span> <span class='ocrx_word' id='word_1_333' title='bbox 1095 4991 1208 5072; x_wconf 83' lang='lat' dir='ltr'><strong>„qu0“,</strong></span> <span class='ocrx_word' id='word_1_334' title='bbox 1233 4994 1345 5071; x_wconf 90' lang='lat' dir='ltr'><strong>„cuius</strong></span> <span class='ocrx_word' id='word_1_335' title='bbox 1367 4994 1474 5078; x_wconf 84' lang='lat' dir='ltr'><strong>legiti-</strong></span> 
     </span>
    </p>
   </div>
   <div class='ocr_carea' id='block_1_5' title="bbox 231 5090 1522 5232">
    <p class='ocr_par' dir='ltr' id='par_1_7' title="bbox 231 5090 1522 5232">
     <span class='ocr_line' id='line_1_40' title="bbox 231 5090 1522 5232; baseline 0.019 -84"><span class='ocrx_word' id='word_1_336' title='bbox 231 5106 304 5151; x_wconf 84' lang='lat' dir='ltr'><strong>mus</strong></span> <span class='ocrx_word' id='word_1_337' title='bbox 326 5108 405 5153; x_wconf 85' lang='lat' dir='ltr'><strong>usus</strong></span> <span class='ocrx_word' id='word_1_338' title='bbox 427 5108 497 5155; x_wconf 86' lang='lat' dir='ltr'><strong>esse</strong></span> <span class='ocrx_word' id='word_1_339' title='bbox 522 5090 703 5173; x_wconf 58' lang='lat' dir='ltr'><strong>videatur,</strong></span> <span class='ocrx_word' id='word_1_340' title='bbox 722 5094 904 5163; x_wconf 76' lang='lat' dir='ltr'><strong>Heinsium</strong></span> <span class='ocrx_word' id='word_1_341' title='bbox 923 5104 962 5164; x_wconf 81' lang='lat' dir='ltr'><strong>et</strong></span> <span class='ocrx_word' id='word_1_342' title='bbox 974 5096 1179 5163; x_wconf 60' lang='lat' dir='ltr'><strong>aarum</strong></span> <span class='ocrx_word' id='word_1_343' title='bbox 1193 5098 1366 5175; x_wconf 51' lang='lat' dir='ltr'><strong>&amp;affim—</strong></span> <span class='ocrx_word' id='word_1_344' title='bbox 1380 5097 1522 5232; x_wconf 49' lang='lat' dir='ltr'><strong>ssu-⁸33</strong></span> 
     </span>
    </p>
   </div>
   <div class='ocr_carea' id='block_1_6' title="bbox 0 0 1722 5659">
    <p class='ocr_par' dir='ltr' id='par_1_8' title="bbox 0 0 1722 5659">
     <span class='ocr_line' id='line_1_41' title="bbox 0 0 1722 5659; baseline 0 1"><span class='ocrx_word' id='word_1_345' title='bbox 0 0 1722 5659; x_wconf 95' lang='lat' dir='ltr'><strong> </strong></span> 
     </span>
    </p>
   </div>
  </div>
 </body>
</html>
